<?xml version="1.0" encoding="UTF-8"?>
<!DOCTYPE html PUBLIC "-//W3C//DTD XHTML 1.0 Transitional//EN"
    "http://www.w3.org/TR/xhtml1/DTD/xhtml1-transitional.dtd">
<html xmlns="http://www.w3.org/1999/xhtml" xml:lang="en" lang="en">
 <head>
  <title>
</title>
<meta http-equiv="Content-Type" content="text/html;charset=utf-8" />
  <meta name='ocr-system' content='tesseract 3.04.00' />
  <meta name='ocr-capabilities' content='ocr_page ocr_carea ocr_par ocr_line ocrx_word'/>
</head>
<body>
  <div class='ocr_page' id='page_1' title='image "./opera03horagoog_0069.png"; bbox 0 0 2617 4442; ppageno 0'>
   <div class='ocr_carea' id='block_1_1' title="bbox 453 362 804 412">
    <p class='ocr_par' dir='ltr' id='par_1_1' title="bbox 453 362 804 412">
     <span class='ocr_line' id='line_1_1' title="bbox 453 362 804 412; baseline 0.003 -1"><span class='ocrx_word' id='word_1_1' title='bbox 453 363 652 411; x_wconf 84' lang='lat' dir='ltr'><strong>CARMINUM</strong></span> <span class='ocrx_word' id='word_1_2' title='bbox 670 362 735 410; x_wconf 88' lang='lat' dir='ltr'>LIB.</span> <span class='ocrx_word' id='word_1_3' title='bbox 753 362 804 412; x_wconf 84' lang='lat'>111.</span> 
     </span>
    </p>
   </div>
   <div class='ocr_carea' id='block_1_2' title="bbox 291 505 994 2710">
    <p class='ocr_par' dir='ltr' id='par_1_2' title="bbox 329 505 748 582">
     <span class='ocr_line' id='line_1_2' title="bbox 329 505 748 582; baseline -0.007 -17"><span class='ocrx_word' id='word_1_4' title='bbox 329 506 485 582; x_wconf 86' lang='lat' dir='ltr'><strong>Ridetque,</strong></span> <span class='ocrx_word' id='word_1_5' title='bbox 496 505 520 562; x_wconf 93' lang='lat' dir='ltr'><strong>si</strong></span> <span class='ocrx_word' id='word_1_6' title='bbox 534 505 660 563; x_wconf 87' lang='lat' dir='ltr'><strong>mortalis</strong></span> <span class='ocrx_word' id='word_1_7' title='bbox 674 506 748 562; x_wconf 92' lang='lat' dir='ltr'><strong>ultra</strong></span> 
     </span>
    </p>

    <p class='ocr_par' dir='ltr' id='par_1_3' title="bbox 292 584 956 813">
     <span class='ocr_line' id='line_1_3' title="bbox 369 584 956 660; baseline -0.002 -17"><span class='ocrx_word' id='word_1_8' title='bbox 369 584 426 643; x_wconf 87' lang='lat' dir='ltr'><strong>Fas</strong></span> <span class='ocrx_word' id='word_1_9' title='bbox 438 584 567 660; x_wconf 83' lang='lat' dir='ltr'>trepidat.</span> <span class='ocrx_word' id='word_1_10' title='bbox 601 584 692 645; x_wconf 74' lang='lat' dir='ltr'><strong>Quod</strong></span> <span class='ocrx_word' id='word_1_11' title='bbox 706 585 797 656; x_wconf 88' lang='lat' dir='ltr'><strong>adest,</strong></span> <span class='ocrx_word' id='word_1_12' title='bbox 811 593 956 642; x_wconf 86' lang='lat' dir='ltr'><strong>memento</strong></span> 
     </span>
     <span class='ocr_line' id='line_1_4' title="bbox 292 661 866 740; baseline -0.005 -17"><span class='ocrx_word' id='word_1_13' title='bbox 292 666 471 740; x_wconf 88' lang='lat' dir='ltr'><strong>Componere</strong></span> <span class='ocrx_word' id='word_1_14' title='bbox 486 681 599 738; x_wconf 83' lang='lat' dir='ltr'><strong>aequus:</strong></span> <span class='ocrx_word' id='word_1_15' title='bbox 621 675 726 720; x_wconf 83' lang='lat' dir='ltr'><strong>eaetera</strong></span> <span class='ocrx_word' id='word_1_16' title='bbox 739 661 866 720; x_wconf 91' lang='lat' dir='ltr'><strong>fluminis</strong></span> 
     </span>
     <span class='ocr_line' id='line_1_5' title="bbox 292 741 813 813; baseline -0.008 -11"><span class='ocrx_word' id='word_1_17' title='bbox 292 744 365 802; x_wconf 84' lang='lat' dir='ltr'><strong>Ritu</strong></span> <span class='ocrx_word' id='word_1_18' title='bbox 379 743 517 813; x_wconf 84' lang='lat' dir='ltr'><strong>feruntur,</strong></span> <span class='ocrx_word' id='word_1_19' title='bbox 531 759 610 798; x_wconf 88' lang='lat' dir='ltr'><strong>nuno</strong></span> <span class='ocrx_word' id='word_1_20' title='bbox 624 742 720 799; x_wconf 90' lang='lat' dir='ltr'><strong>medio</strong></span> <span class='ocrx_word' id='word_1_21' title='bbox 733 741 813 798; x_wconf 85' lang='lat' dir='ltr'><strong>alveo</strong></span> 
     </span>
    </p>

    <p class='ocr_par' dir='ltr' id='par_1_4' title="bbox 333 820 837 896">
     <span class='ocr_line' id='line_1_6' title="bbox 333 820 837 896; baseline -0.008 -17"><span class='ocrx_word' id='word_1_22' title='bbox 333 821 408 879; x_wconf 84' lang='lat' dir='ltr'><strong>Cum</strong></span> <span class='ocrx_word' id='word_1_23' title='bbox 421 839 494 896; x_wconf 88' lang='lat' dir='ltr'><strong>paee</strong></span> <span class='ocrx_word' id='word_1_24' title='bbox 508 820 668 877; x_wconf 86' lang='lat' dir='ltr'><strong>delabentis</strong></span> <span class='ocrx_word' id='word_1_25' title='bbox 681 820 837 878; x_wconf 84' lang='lat' dir='ltr'><strong>Etruscum</strong></span> 
     </span>
    </p>

    <p class='ocr_par' dir='ltr' id='par_1_5' title="bbox 293 899 865 1128">
     <span class='ocr_line' id='line_1_7' title="bbox 370 899 840 975; baseline -0.004 -19"><span class='ocrx_word' id='word_1_26' title='bbox 370 899 406 956; x_wconf 92' lang='lat' dir='ltr'><strong>In</strong></span> <span class='ocrx_word' id='word_1_27' title='bbox 420 918 507 970; x_wconf 91' lang='lat' dir='ltr'><strong>mare,</strong></span> <span class='ocrx_word' id='word_1_28' title='bbox 522 918 601 956; x_wconf 88' lang='lat' dir='ltr'><strong>nune</strong></span> <span class='ocrx_word' id='word_1_29' title='bbox 614 899 725 975; x_wconf 90' lang='lat' dir='ltr'><strong>lapides</strong></span> <span class='ocrx_word' id='word_1_30' title='bbox 738 899 840 956; x_wconf 82' lang='lat' dir='ltr'><strong>adesos</strong></span> 
     </span>
     <span class='ocr_line' id='line_1_8' title="bbox 294 977 865 1054; baseline -0.005 -17"><span class='ocrx_word' id='word_1_31' title='bbox 294 978 456 1054; x_wconf 86' lang='lat' dir='ltr'><strong>Stirpesque</strong></span> <span class='ocrx_word' id='word_1_32' title='bbox 470 989 565 1054; x_wconf 88' lang='lat' dir='ltr'><strong>raptas</strong></span> <span class='ocrx_word' id='word_1_33' title='bbox 578 987 607 1034; x_wconf 86' lang='lat' dir='ltr'><strong>et</strong></span> <span class='ocrx_word' id='word_1_34' title='bbox 620 996 710 1052; x_wconf 86' lang='lat' dir='ltr'><strong>pecus</strong></span> <span class='ocrx_word' id='word_1_35' title='bbox 723 986 752 1034; x_wconf 89' lang='lat' dir='ltr'><strong>et</strong></span> <span class='ocrx_word' id='word_1_36' title='bbox 765 977 865 1034; x_wconf 90' lang='lat' dir='ltr'><strong>domos</strong></span> 
     </span>
     <span class='ocr_line' id='line_1_9' title="bbox 293 1056 826 1128; baseline -0.006 -11"><span class='ocrx_word' id='word_1_37' title='bbox 293 1058 440 1117; x_wconf 87' lang='lat' dir='ltr'><strong>Volventis</strong></span> <span class='ocrx_word' id='word_1_38' title='bbox 454 1057 522 1128; x_wconf 72' lang='lat' dir='ltr'><strong>una,</strong></span> <span class='ocrx_word' id='word_1_39' title='bbox 537 1076 595 1114; x_wconf 93' lang='lat' dir='ltr'><strong>non</strong></span> <span class='ocrx_word' id='word_1_40' title='bbox 609 1058 672 1114; x_wconf 87' lang='lat' dir='ltr'><strong>sine</strong></span> <span class='ocrx_word' id='word_1_41' title='bbox 686 1056 826 1114; x_wconf 87' lang='lat' dir='ltr'><strong>montium</strong></span> 
     </span>
    </p>

    <p class='ocr_par' dir='ltr' id='par_1_6' title="bbox 332 1136 736 1210">
     <span class='ocr_line' id='line_1_10' title="bbox 332 1136 736 1210; baseline -0.005 -17"><span class='ocrx_word' id='word_1_42' title='bbox 332 1137 463 1194; x_wconf 85' lang='lat' dir='ltr'><strong>Clamore</strong></span> <span class='ocrx_word' id='word_1_43' title='bbox 478 1136 634 1210; x_wconf 84' lang='lat' dir='ltr'><strong>vioinaeque</strong></span> <span class='ocrx_word' id='word_1_44' title='bbox 649 1136 736 1208; x_wconf 72' lang='lat' dir='ltr'><strong>silva,</strong></span> 
     </span>
    </p>

    <p class='ocr_par' dir='ltr' id='par_1_7' title="bbox 293 1215 834 1449">
     <span class='ocr_line' id='line_1_11' title="bbox 373 1215 805 1290; baseline 0.002 -19"><span class='ocrx_word' id='word_1_45' title='bbox 373 1216 474 1277; x_wconf 75' lang='lat' dir='ltr'><strong>Quum</strong></span> <span class='ocrx_word' id='word_1_46' title='bbox 489 1215 548 1273; x_wconf 89' lang='lat' dir='ltr'><strong>fera</strong></span> <span class='ocrx_word' id='word_1_47' title='bbox 561 1215 682 1272; x_wconf 86' lang='lat' dir='ltr'><strong>diluvies</strong></span> <span class='ocrx_word' id='word_1_48' title='bbox 695 1215 805 1290; x_wconf 89' lang='lat' dir='ltr'><strong>quietos</strong></span> 
     </span>
     <span class='ocr_line' id='line_1_12' title="bbox 294 1292 779 1370; baseline -0.006 -17"><span class='ocrx_word' id='word_1_49' title='bbox 294 1294 390 1353; x_wconf 88' lang='lat' dir='ltr'><strong>Irritat</strong></span> <span class='ocrx_word' id='word_1_50' title='bbox 403 1313 509 1351; x_wconf 88' lang='lat' dir='ltr'><strong>amnes.</strong></span> <span class='ocrx_word' id='word_1_51' title='bbox 551 1292 605 1352; x_wconf 90' lang='lat' dir='ltr'><strong>Ille</strong></span> <span class='ocrx_word' id='word_1_52' title='bbox 618 1305 720 1370; x_wconf 89' lang='lat' dir='ltr'><strong>potens</strong></span> <span class='ocrx_word' id='word_1_53' title='bbox 734 1294 779 1351; x_wconf 89' lang='lat' dir='ltr'><strong>sui</strong></span> 
     </span>
     <span class='ocr_line' id='line_1_13' title="bbox 293 1373 834 1449; baseline -0.006 -17"><span class='ocrx_word' id='word_1_54' title='bbox 293 1375 445 1449; x_wconf 82' lang='lat' dir='ltr'><strong>Laetusque</strong></span> <span class='ocrx_word' id='word_1_55' title='bbox 459 1373 554 1448; x_wconf 86' lang='lat' dir='ltr'><strong>deget,</strong></span> <span class='ocrx_word' id='word_1_56' title='bbox 568 1373 617 1430; x_wconf 88' lang='lat' dir='ltr'><strong>oui</strong></span> <span class='ocrx_word' id='word_1_57' title='bbox 630 1374 699 1431; x_wconf 87' lang='lat' dir='ltr'><strong>lieet</strong></span> <span class='ocrx_word' id='word_1_58' title='bbox 712 1373 743 1431; x_wconf 92' lang='lat' dir='ltr'><strong>in</strong></span> <span class='ocrx_word' id='word_1_59' title='bbox 757 1373 834 1430; x_wconf 91' lang='lat' dir='ltr'><strong>diem</strong></span> 
     </span>
    </p>

    <p class='ocr_par' dir='ltr' id='par_1_8' title="bbox 332 1451 828 1524">
     <span class='ocr_line' id='line_1_14' title="bbox 332 1451 828 1524; baseline -0.006 -13"><span class='ocrx_word' id='word_1_60' title='bbox 332 1453 457 1524; x_wconf 85' lang='lat' dir='ltr'><strong>Dixisse,</strong></span> <span class='ocrx_word' id='word_1_61' title='bbox 471 1456 489 1482; x_wconf 90' lang='lat'><strong>“</strong></span> <span class='ocrx_word' id='word_1_62' title='bbox 499 1452 567 1509; x_wconf 86' lang='lat' dir='ltr'><strong>Vixi</strong></span> <span class='ocrx_word' id='word_1_63' title='bbox 576 1453 611 1510; x_wconf 89' lang='lat'><strong>’&#39;:</strong></span> <span class='ocrx_word' id='word_1_64' title='bbox 632 1472 697 1509; x_wconf 88' lang='lat' dir='ltr'><strong>oras</strong></span> <span class='ocrx_word' id='word_1_65' title='bbox 711 1452 754 1509; x_wconf 91' lang='lat' dir='ltr'><strong>vel</strong></span> <span class='ocrx_word' id='word_1_66' title='bbox 765 1451 828 1510; x_wconf 68' lang='lat' dir='ltr'><strong>atria</strong></span> 
     </span>
    </p>

    <p class='ocr_par' dir='ltr' id='par_1_9' title="bbox 291 1529 994 1763">
     <span class='ocr_line' id='line_1_15' title="bbox 373 1529 835 1605; baseline -0.004 -17"><span class='ocrx_word' id='word_1_67' title='bbox 373 1529 462 1588; x_wconf 92' lang='lat' dir='ltr'><strong>Nube</strong></span> <span class='ocrx_word' id='word_1_68' title='bbox 475 1529 571 1605; x_wconf 91' lang='lat' dir='ltr'><strong>polum</strong></span> <span class='ocrx_word' id='word_1_69' title='bbox 584 1531 669 1587; x_wconf 89' lang='lat' dir='ltr'><strong>Pater</strong></span> <span class='ocrx_word' id='word_1_70' title='bbox 683 1541 835 1604; x_wconf 79' lang='lat' dir='ltr'><strong>occupato,</strong></span> 
     </span>
     <span class='ocr_line' id='line_1_16' title="bbox 296 1609 842 1684; baseline -0.007 -15"><span class='ocrx_word' id='word_1_71' title='bbox 296 1611 349 1670; x_wconf 87' lang='lat' dir='ltr'><strong>Vel</strong></span> <span class='ocrx_word' id='word_1_72' title='bbox 364 1609 422 1667; x_wconf 86' lang='lat' dir='ltr'><strong>sole</strong></span> <span class='ocrx_word' id='word_1_73' title='bbox 435 1627 527 1684; x_wconf 88' lang='lat' dir='ltr'><strong>puro:</strong></span> <span class='ocrx_word' id='word_1_74' title='bbox 548 1628 606 1666; x_wconf 92' lang='lat' dir='ltr'><strong>non</strong></span> <span class='ocrx_word' id='word_1_75' title='bbox 620 1619 717 1665; x_wconf 85' lang='lat' dir='ltr'><strong>tamen</strong></span> <span class='ocrx_word' id='word_1_76' title='bbox 732 1609 842 1665; x_wconf 88' lang='lat' dir='ltr'><strong>irritum</strong></span> 
     </span>
     <span class='ocr_line' id='line_1_17' title="bbox 291 1687 994 1763; baseline -0.004 -16"><span class='ocrx_word' id='word_1_77' title='bbox 291 1689 496 1763; x_wconf 79' lang='lat' dir='ltr'><strong>Quodcunque</strong></span> <span class='ocrx_word' id='word_1_78' title='bbox 509 1697 584 1746; x_wconf 88' lang='lat' dir='ltr'><strong>retro</strong></span> <span class='ocrx_word' id='word_1_79' title='bbox 596 1697 640 1745; x_wconf 90' lang='lat' dir='ltr'><strong>est</strong></span> <span class='ocrx_word' id='word_1_80' title='bbox 653 1687 759 1745; x_wconf 83' lang='lat' dir='ltr'><strong>efficiet</strong></span> <span class='ocrx_word' id='word_1_81' title='bbox 766 1707 774 1757; x_wconf 93' lang='lat'>;</span> <span class='ocrx_word' id='word_1_82' title='bbox 795 1705 889 1763; x_wconf 86' lang='lat' dir='ltr'><strong>neque</strong></span> <span class='ocrx_word' id='word_1_83' title='bbox 987 1705 994 1712; x_wconf 90' lang='grc'><strong><em>’</em></strong></span> 
     </span>
    </p>

    <p class='ocr_par' dir='ltr' id='par_1_10' title="bbox 332 1766 791 1842">
     <span class='ocr_line' id='line_1_18' title="bbox 332 1766 791 1842; baseline -0.004 -16"><span class='ocrx_word' id='word_1_84' title='bbox 332 1767 470 1842; x_wconf 86' lang='lat' dir='ltr'><strong>Diffinget</strong></span> <span class='ocrx_word' id='word_1_85' title='bbox 483 1766 677 1842; x_wconf 80' lang='lat' dir='ltr'><strong>infectumque</strong></span> <span class='ocrx_word' id='word_1_86' title='bbox 691 1766 791 1824; x_wconf 85' lang='lat' dir='ltr'><strong>reddet</strong></span> 
     </span>
    </p>

    <p class='ocr_par' dir='ltr' id='par_1_11' title="bbox 293 1845 883 2081">
     <span class='ocr_line' id='line_1_19' title="bbox 369 1845 868 1922; baseline -0.008 -14"><span class='ocrx_word' id='word_1_87' title='bbox 369 1846 459 1908; x_wconf 80' lang='lat' dir='ltr'><strong>Quod</strong></span> <span class='ocrx_word' id='word_1_88' title='bbox 474 1845 585 1922; x_wconf 85' lang='lat' dir='ltr'><strong>fugiens</strong></span> <span class='ocrx_word' id='word_1_89' title='bbox 599 1845 688 1902; x_wconf 88' lang='lat' dir='ltr'><strong>semel</strong></span> <span class='ocrx_word' id='word_1_90' title='bbox 702 1846 772 1903; x_wconf 87' lang='lat' dir='ltr'><strong>hora</strong></span> <span class='ocrx_word' id='word_1_91' title='bbox 785 1845 868 1904; x_wconf 75' lang='lat' dir='ltr'><strong>vexit.</strong></span> 
     </span>
     <span class='ocr_line' id='line_1_20' title="bbox 293 1920 883 2000; baseline -0.007 -14"><span class='ocrx_word' id='word_1_92' title='bbox 293 1926 429 1997; x_wconf 83' lang='lat' dir='ltr'><strong>Fortuna,</strong></span> <span class='ocrx_word' id='word_1_93' title='bbox 443 1943 517 1982; x_wconf 83' lang='lat' dir='ltr'><strong>saevo</strong></span> <span class='ocrx_word' id='word_1_94' title='bbox 530 1925 595 1982; x_wconf 86' lang='lat' dir='ltr'><strong>laeta</strong></span> <span class='ocrx_word' id='word_1_95' title='bbox 608 1925 733 2000; x_wconf 86' lang='lat' dir='ltr'><strong>negotio,</strong></span> <span class='ocrx_word' id='word_1_96' title='bbox 747 1934 777 1982; x_wconf 88' lang='lat' dir='ltr'><strong>et</strong></span> <span class='ocrx_word' id='word_1_97' title='bbox 881 1920 883 1924; x_wconf 68' lang='grc'>’</span> 
     </span>
     <span class='ocr_line' id='line_1_21' title="bbox 293 2003 858 2081; baseline -0.005 -17"><span class='ocrx_word' id='word_1_98' title='bbox 293 2005 408 2064; x_wconf 91' lang='lat' dir='ltr'><strong>Ludum</strong></span> <span class='ocrx_word' id='word_1_99' title='bbox 422 2004 591 2062; x_wconf 87' lang='lat' dir='ltr'><strong>insolentem</strong></span> <span class='ocrx_word' id='word_1_100' title='bbox 604 2005 704 2076; x_wconf 85' lang='lat' dir='ltr'><strong>ludere</strong></span> <span class='ocrx_word' id='word_1_101' title='bbox 718 2003 858 2081; x_wconf 83' lang='lat' dir='ltr'><strong>pertinax,</strong></span> 
     </span>
    </p>

    <p class='ocr_par' dir='ltr' id='par_1_12' title="bbox 334 2083 808 2156">
     <span class='ocr_line' id='line_1_22' title="bbox 334 2083 808 2156; baseline -0.002 -15"><span class='ocrx_word' id='word_1_102' title='bbox 334 2083 522 2141; x_wconf 88' lang='lat' dir='ltr'><strong>Transmutat</strong></span> <span class='ocrx_word' id='word_1_103' title='bbox 535 2083 662 2142; x_wconf 83' lang='lat' dir='ltr'><strong>incertos</strong></span> <span class='ocrx_word' id='word_1_104' title='bbox 675 2084 808 2156; x_wconf 87' lang='lat' dir='ltr'><strong>honores,</strong></span> 
     </span>
    </p>

    <p class='ocr_par' dir='ltr' id='par_1_13' title="bbox 293 2162 861 2394">
     <span class='ocr_line' id='line_1_23' title="bbox 372 2162 858 2238; baseline -0.004 -17"><span class='ocrx_word' id='word_1_105' title='bbox 372 2163 461 2221; x_wconf 84' lang='lat' dir='ltr'><strong>Nunc</strong></span> <span class='ocrx_word' id='word_1_106' title='bbox 474 2162 555 2233; x_wconf 91' lang='lat' dir='ltr'><strong>mihi,</strong></span> <span class='ocrx_word' id='word_1_107' title='bbox 568 2181 648 2220; x_wconf 89' lang='lat' dir='ltr'><strong>nuno</strong></span> <span class='ocrx_word' id='word_1_108' title='bbox 662 2162 712 2220; x_wconf 89' lang='lat' dir='ltr'><strong>alii</strong></span> <span class='ocrx_word' id='word_1_109' title='bbox 725 2163 858 2238; x_wconf 85' lang='lat' dir='ltr'><strong>benigna.</strong></span> 
     </span>
     <span class='ocr_line' id='line_1_24' title="bbox 293 2240 861 2316; baseline -0.005 -15"><span class='ocrx_word' id='word_1_110' title='bbox 293 2242 393 2301; x_wconf 88' lang='lat' dir='ltr'><strong>Laudo</strong></span> <span class='ocrx_word' id='word_1_111' title='bbox 406 2251 588 2299; x_wconf 85' lang='lat' dir='ltr'><strong>manentem:</strong></span> <span class='ocrx_word' id='word_1_112' title='bbox 610 2241 634 2298; x_wconf 89' lang='lat' dir='ltr'><strong>si</strong></span> <span class='ocrx_word' id='word_1_113' title='bbox 648 2242 758 2299; x_wconf 80' lang='lat' dir='ltr'><strong>celeres</strong></span> <span class='ocrx_word' id='word_1_114' title='bbox 770 2240 861 2316; x_wconf 88' lang='lat' dir='ltr'><strong>quatit</strong></span> 
     </span>
     <span class='ocr_line' id='line_1_25' title="bbox 294 2318 851 2394; baseline -0.009 -14"><span class='ocrx_word' id='word_1_115' title='bbox 294 2322 418 2392; x_wconf 86' lang='lat' dir='ltr'><strong>Pennas,</strong></span> <span class='ocrx_word' id='word_1_116' title='bbox 432 2318 548 2394; x_wconf 85' lang='lat' dir='ltr'><strong>resigno</strong></span> <span class='ocrx_word' id='word_1_117' title='bbox 561 2337 624 2393; x_wconf 78' lang='lat' dir='ltr'><strong>quta</strong></span> <span class='ocrx_word' id='word_1_118' title='bbox 638 2319 728 2390; x_wconf 86' lang='lat' dir='ltr'><strong>dedit,</strong></span> <span class='ocrx_word' id='word_1_119' title='bbox 742 2329 771 2376; x_wconf 88' lang='lat' dir='ltr'><strong>et</strong></span> <span class='ocrx_word' id='word_1_120' title='bbox 785 2319 851 2375; x_wconf 81' lang='lat' dir='ltr'><strong>mea</strong></span> 
     </span>
    </p>

    <p class='ocr_par' dir='ltr' id='par_1_14' title="bbox 333 2396 831 2473">
     <span class='ocr_line' id='line_1_26' title="bbox 333 2396 831 2473; baseline -0.012 -15"><span class='ocrx_word' id='word_1_121' title='bbox 333 2400 448 2459; x_wconf 89' lang='lat' dir='ltr'><strong>Virtute</strong></span> <span class='ocrx_word' id='word_1_122' title='bbox 461 2416 508 2453; x_wconf 89' lang='lat' dir='ltr'><strong>me</strong></span> <span class='ocrx_word' id='word_1_123' title='bbox 521 2396 643 2469; x_wconf 86' lang='lat' dir='ltr'><strong>involvo,</strong></span> <span class='ocrx_word' id='word_1_124' title='bbox 657 2397 831 2473; x_wconf 87' lang='lat' dir='ltr'><strong>probamque</strong></span> 
     </span>
    </p>

    <p class='ocr_par' dir='ltr' id='par_1_15' title="bbox 294 2475 840 2710">
     <span class='ocr_line' id='line_1_27' title="bbox 373 2475 817 2552; baseline -0.005 -18"><span class='ocrx_word' id='word_1_125' title='bbox 373 2476 543 2552; x_wconf 89' lang='lat' dir='ltr'><strong>Pauperiem</strong></span> <span class='ocrx_word' id='word_1_126' title='bbox 558 2475 619 2533; x_wconf 90' lang='lat' dir='ltr'><strong>sine</strong></span> <span class='ocrx_word' id='word_1_127' title='bbox 634 2476 700 2533; x_wconf 89' lang='lat' dir='ltr'><strong>dote</strong></span> <span class='ocrx_word' id='word_1_128' title='bbox 713 2493 817 2551; x_wconf 77' lang='lat' dir='ltr'><strong>quaro.</strong></span> 
     </span>
     <span class='ocr_line' id='line_1_28' title="bbox 294 2554 823 2632; baseline -0.009 -16"><span class='ocrx_word' id='word_1_129' title='bbox 294 2555 363 2616; x_wconf 91' lang='lat' dir='ltr'><strong>Non</strong></span> <span class='ocrx_word' id='word_1_130' title='bbox 377 2566 420 2613; x_wconf 87' lang='lat' dir='ltr'><strong>est</strong></span> <span class='ocrx_word' id='word_1_131' title='bbox 433 2574 540 2628; x_wconf 90' lang='lat' dir='ltr'><strong>meum,</strong></span> <span class='ocrx_word' id='word_1_132' title='bbox 555 2555 579 2612; x_wconf 94' lang='lat' dir='ltr'><strong>si</strong></span> <span class='ocrx_word' id='word_1_133' title='bbox 593 2555 702 2632; x_wconf 84' lang='lat' dir='ltr'><strong>mugiat</strong></span> <span class='ocrx_word' id='word_1_134' title='bbox 716 2554 823 2612; x_wconf 89' lang='lat' dir='ltr'><strong>Afriois</strong></span> 
     </span>
     <span class='ocr_line' id='line_1_29' title="bbox 294 2633 840 2710; baseline -0.002 -18"><span class='ocrx_word' id='word_1_135' title='bbox 294 2635 391 2699; x_wconf 87' lang='lat' dir='ltr'><strong>Malus</strong></span> <span class='ocrx_word' id='word_1_136' title='bbox 404 2633 544 2710; x_wconf 78' lang='lat' dir='ltr'><strong>proeelliS,</strong></span> <span class='ocrx_word' id='word_1_137' title='bbox 559 2634 595 2691; x_wconf 92' lang='lat' dir='ltr'><strong>ad</strong></span> <span class='ocrx_word' id='word_1_138' title='bbox 609 2635 727 2692; x_wconf 86' lang='lat' dir='ltr'><strong>miseras</strong></span> <span class='ocrx_word' id='word_1_139' title='bbox 739 2652 840 2710; x_wconf 87' lang='lat' dir='ltr'><strong>preoes</strong></span> 
     </span>
    </p>
   </div>
   <div class='ocr_carea' id='block_1_3' title="bbox 294 2713 864 3185">
    <p class='ocr_par' dir='ltr' id='par_1_16' title="bbox 294 2713 864 3185">
     <span class='ocr_line' id='line_1_30' title="bbox 334 2713 752 2791; baseline -0.002 -19"><span class='ocrx_word' id='word_1_140' title='bbox 334 2713 504 2785; x_wconf 87' lang='lat' dir='ltr'><strong>Deourrere,</strong></span> <span class='ocrx_word' id='word_1_141' title='bbox 518 2723 548 2770; x_wconf 90' lang='lat' dir='ltr'><strong>et</strong></span> <span class='ocrx_word' id='word_1_142' title='bbox 560 2713 631 2771; x_wconf 87' lang='lat' dir='ltr'><strong>votis</strong></span> <span class='ocrx_word' id='word_1_143' title='bbox 643 2713 752 2791; x_wconf 86' lang='lat' dir='ltr'><strong>paoisoi</strong></span> 
     </span>
     <span class='ocr_line' id='line_1_31' title="bbox 372 2789 840 2868; baseline -0.004 -18"><span class='ocrx_word' id='word_1_144' title='bbox 372 2789 421 2850; x_wconf 88' lang='lat' dir='ltr'><strong>Ne</strong></span> <span class='ocrx_word' id='word_1_145' title='bbox 434 2791 548 2867; x_wconf 78' lang='lat' dir='ltr'><strong>Cypria</strong></span> <span class='ocrx_word' id='word_1_146' title='bbox 561 2790 715 2868; x_wconf 74' lang='lat' dir='ltr'><strong>Tyriaque</strong></span> <span class='ocrx_word' id='word_1_147' title='bbox 729 2809 840 2849; x_wconf 84' lang='lat' dir='ltr'><strong>meroes</strong></span> 
     </span>
     <span class='ocr_line' id='line_1_32' title="bbox 295 2871 730 2929; baseline -0.002 0"><span class='ocrx_word' id='word_1_148' title='bbox 295 2871 415 2929; x_wconf 84' lang='lat' dir='ltr'><strong>Addant</strong></span> <span class='ocrx_word' id='word_1_149' title='bbox 427 2890 511 2929; x_wconf 89' lang='lat' dir='ltr'><strong>avaro</strong></span> <span class='ocrx_word' id='word_1_150' title='bbox 524 2871 635 2929; x_wconf 87' lang='lat' dir='ltr'><strong>divitias</strong></span> <span class='ocrx_word' id='word_1_151' title='bbox 648 2871 730 2929; x_wconf 90' lang='lat' dir='ltr'><strong>mari.</strong></span> 
     </span>
     <span class='ocr_line' id='line_1_33' title="bbox 294 2949 857 3027; baseline -0.005 -18"><span class='ocrx_word' id='word_1_152' title='bbox 294 2949 373 3009; x_wconf 87' lang='lat' dir='ltr'><strong>Tum</strong></span> <span class='ocrx_word' id='word_1_153' title='bbox 386 2969 443 3022; x_wconf 91' lang='lat' dir='ltr'><strong>me,</strong></span> <span class='ocrx_word' id='word_1_154' title='bbox 458 2950 573 3007; x_wconf 88' lang='lat' dir='ltr'><strong>biremis</strong></span> <span class='ocrx_word' id='word_1_155' title='bbox 586 2951 719 3027; x_wconf 84' lang='lat' dir='ltr'><strong>praesidio</strong></span> <span class='ocrx_word' id='word_1_156' title='bbox 732 2949 857 3026; x_wconf 75' lang='lat' dir='ltr'><strong>scapha,</strong></span> 
     </span>
     <span class='ocr_line' id='line_1_34' title="bbox 334 3028 789 3106; baseline -0.002 -19"><span class='ocrx_word' id='word_1_157' title='bbox 334 3028 444 3087; x_wconf 89' lang='lat' dir='ltr'><strong>Tutum</strong></span> <span class='ocrx_word' id='word_1_158' title='bbox 457 3047 507 3106; x_wconf 91' lang='lat' dir='ltr'><strong>per</strong></span> <span class='ocrx_word' id='word_1_159' title='bbox 521 3029 637 3106; x_wconf 85' lang='lat' dir='ltr'><strong>AEgaeos</strong></span> <span class='ocrx_word' id='word_1_160' title='bbox 649 3031 789 3088; x_wconf 89' lang='lat' dir='ltr'><strong>tumultus</strong></span> 
     </span>
     <span class='ocr_line' id='line_1_35' title="bbox 373 3106 864 3185; baseline 0.006 -20"><span class='ocrx_word' id='word_1_161' title='bbox 373 3107 454 3165; x_wconf 82' lang='lat' dir='ltr'><strong>Aura</strong></span> <span class='ocrx_word' id='word_1_162' title='bbox 468 3108 538 3166; x_wconf 87' lang='lat' dir='ltr'><strong>feret</strong></span> <span class='ocrx_word' id='word_1_163' title='bbox 551 3110 739 3185; x_wconf 87' lang='lat' dir='ltr'><strong>geminusque</strong></span> <span class='ocrx_word' id='word_1_164' title='bbox 752 3106 864 3168; x_wconf 79' lang='lat' dir='ltr'><strong>Pollux.</strong></span> 
     </span>
    </p>
   </div>
   <div class='ocr_carea' id='block_1_4' title="bbox 524 3436 745 3499">
    <p class='ocr_par' dir='ltr' id='par_1_17' title="bbox 524 3436 745 3499">
     <span class='ocr_line' id='line_1_36' title="bbox 524 3436 745 3499; baseline 0.014 -4"><span class='ocrx_word' id='word_1_165' title='bbox 524 3436 608 3495; x_wconf 85' lang='lat' dir='ltr'><strong>ODE</strong></span> <span class='ocrx_word' id='word_1_166' title='bbox 627 3437 745 3499; x_wconf 88' lang='lat' dir='ltr'>XXIV.</span> 
     </span>
    </p>
   </div>
   <div class='ocr_carea' id='block_1_5' title="bbox 295 3558 1007 3952">
    <p class='ocr_par' dir='ltr' id='par_1_18' title="bbox 295 3558 874 3717">
     <span class='ocr_line' id='line_1_37' title="bbox 295 3558 874 3636; baseline -0.005 -15"><span class='ocrx_word' id='word_1_167' title='bbox 295 3562 395 3621; x_wconf 78' lang='lat' dir='ltr'><strong>Exsar</strong></span> <span class='ocrx_word' id='word_1_168' title='bbox 410 3569 625 3617; x_wconf 89' lang='lat' dir='ltr'><strong>monumentum</strong></span> <span class='ocrx_word' id='word_1_169' title='bbox 640 3578 696 3617; x_wconf 85' lang='lat' dir='ltr'><strong>aere</strong></span> <span class='ocrx_word' id='word_1_170' title='bbox 709 3558 874 3636; x_wconf 87' lang='lat' dir='ltr'><strong>perennius,</strong></span> 
     </span>
     <span class='ocr_line' id='line_1_38' title="bbox 296 3638 829 3717; baseline 0 -21"><span class='ocrx_word' id='word_1_171' title='bbox 296 3640 457 3717; x_wconf 83' lang='lat' dir='ltr'><strong>Regalique</strong></span> <span class='ocrx_word' id='word_1_172' title='bbox 471 3638 527 3694; x_wconf 90' lang='lat' dir='ltr'><strong>situ</strong></span> <span class='ocrx_word' id='word_1_173' title='bbox 540 3639 717 3713; x_wconf 87' lang='lat' dir='ltr'><strong>pyramidum</strong></span> <span class='ocrx_word' id='word_1_174' title='bbox 731 3639 829 3709; x_wconf 88' lang='lat' dir='ltr'><strong>altius;</strong></span> 
     </span>
    </p>

    <p class='ocr_par' dir='ltr' id='par_1_19' title="bbox 296 3716 1007 3868">
     <span class='ocr_line' id='line_1_39' title="bbox 296 3716 1007 3796; baseline -0.004 -19"><span class='ocrx_word' id='word_1_175' title='bbox 296 3720 386 3783; x_wconf 81' lang='lat' dir='ltr'><strong>Quod</strong></span> <span class='ocrx_word' id='word_1_176' title='bbox 400 3736 458 3775; x_wconf 92' lang='lat' dir='ltr'><strong>non</strong></span> <span class='ocrx_word' id='word_1_177' title='bbox 473 3716 562 3774; x_wconf 87' lang='lat' dir='ltr'><strong>imber</strong></span> <span class='ocrx_word' id='word_1_178' title='bbox 575 3717 658 3789; x_wconf 85' lang='lat' dir='ltr'><strong>edax,</strong></span> <span class='ocrx_word' id='word_1_179' title='bbox 672 3737 731 3776; x_wconf 90' lang='lat' dir='ltr'><strong>non</strong></span> <span class='ocrx_word' id='word_1_180' title='bbox 746 3718 852 3792; x_wconf 84' lang='lat' dir='ltr'><strong>Aquilo</strong></span> <span class='ocrx_word' id='word_1_181' title='bbox 865 3718 1007 3796; x_wconf 85' lang='lat' dir='ltr'><strong>impotens</strong></span> 
     </span>
     <span class='ocr_line' id='line_1_40' title="bbox 296 3796 816 3868; baseline -0.006 -11"><span class='ocrx_word' id='word_1_182' title='bbox 296 3798 391 3857; x_wconf 86' lang='lat' dir='ltr'><strong>Possit</strong></span> <span class='ocrx_word' id='word_1_183' title='bbox 404 3796 525 3868; x_wconf 90' lang='lat' dir='ltr'><strong>diruere,</strong></span> <span class='ocrx_word' id='word_1_184' title='bbox 539 3806 588 3853; x_wconf 92' lang='lat' dir='ltr'><strong>aut</strong></span> <span class='ocrx_word' id='word_1_185' title='bbox 601 3796 816 3854; x_wconf 86' lang='lat' dir='ltr'><strong>innumerabilis</strong></span> 
     </span>
    </p>

    <p class='ocr_par' dir='ltr' id='par_1_20' title="bbox 298 3875 867 3952">
     <span class='ocr_line' id='line_1_41' title="bbox 298 3875 867 3952; baseline -0.002 -17"><span class='ocrx_word' id='word_1_186' title='bbox 298 3879 449 3934; x_wconf 90' lang='lat' dir='ltr'><strong>Annorum</strong></span> <span class='ocrx_word' id='word_1_187' title='bbox 463 3875 560 3948; x_wconf 80' lang='lat' dir='ltr'><strong>series,</strong></span> <span class='ocrx_word' id='word_1_188' title='bbox 574 3885 603 3933; x_wconf 89' lang='lat' dir='ltr'><strong>et</strong></span> <span class='ocrx_word' id='word_1_189' title='bbox 617 3875 686 3950; x_wconf 88' lang='lat' dir='ltr'><strong>fuga</strong></span> <span class='ocrx_word' id='word_1_190' title='bbox 698 3886 867 3952; x_wconf 88' lang='lat' dir='ltr'><strong>temporum.</strong></span> 
     </span>
    </p>
   </div>
   <div class='ocr_carea' id='block_1_6' title="bbox 0 0 1320 4442">
    <p class='ocr_par' dir='ltr' id='par_1_21' title="bbox 0 0 1320 4442">
     <span class='ocr_line' id='line_1_42' title="bbox 0 0 1320 4442; baseline 0 0"><span class='ocrx_word' id='word_1_191' title='bbox 0 0 1320 4442; x_wconf 95' lang='lat' dir='ltr'><strong> </strong></span> 
     </span>
    </p>
   </div>
  </div>
 </body>
</html>
