2617 4442
463 380 711 431 EPISTOLARUM
728 383 794 432 LIB.
812 385 834 434 1.
851 390 876 435 4.

210 523 291 584 Bella
303 521 367 599 quis
380 532 410 582 et
421 542 508 600 paces
520 524 639 601 longum
650 525 787 585 diffundit
800 526 830 585 in
845 532 961 590 aevuml

209 604 292 666 Quid
306 602 413 675 Titius,
427 604 562 661 Romana
575 605 653 663 brevi
667 617 803 665 venturus
815 608 846 665 in
859 628 920 683 ora,

211 680 358 741 Pindarici
373 681 458 740 sontis
471 682 521 758 qui
534 703 592 741 non
606 685 743 761 expalluit
752 688 879 761 haustus,

212 762 353 819 Fastidire
366 761 446 819 lacus
459 773 489 819 et
501 763 576 821 rivos
589 783 676 821 ausus
687 768 818 840 apertosl

212 841 253 899 Ut
265 840 361 898 valeti
381 853 413 897 ut
426 841 557 899 meminit
569 842 680 900 nostrii
700 844 841 902 fidibusne
856 844 966 905 Latinis

212 920 371 977 Thebanos
385 929 481 995 aptare
495 922 595 979 modos
608 924 713 995 studet,
728 924 844 999 auspice
858 923 966 984 Musdl

213 999 263 1055 An
275 998 386 1074 tragica
399 999 516 1056 desaevit
529 1010 558 1057 et
571 1000 741 1077 ampullatur
755 1003 785 1059 in
799 1005 881 1061 artel

211 1078 294 1139 Quid
304 1077 375 1134 mihi
390 1077 492 1135 Celsus
507 1078 585 1154 agitt
606 1081 741 1153 monitus,
752 1079 1109 1161 multquuenronendus,
1127 1089 1163 1144 15
1244 1085 1249 1099 ⁸

211 1157 339 1215 Privatus
353 1166 385 1214 ut
398 1167 506 1231 quaerat
518 1177 596 1235 opes,
611 1168 641 1217 et
653 1170 771 1235 tangere
786 1162 853 1219 vitet

213 1236 326 1312 Scripta
339 1234 486 1292 Palatinus
499 1256 677 1313 quaecunque
691 1240 799 1315 recepit
813 1241 932 1317 Apollo:

212 1316 269 1388 Ne,
284 1315 308 1372 si
322 1311 393 1373 fortd
408 1334 473 1372 suas
486 1316 636 1392 repetitum
651 1319 759 1375 venerit
771 1319 839 1376 olim

212 1395 291 1452 Grex
304 1395 398 1451 avium
412 1394 534 1470 plumas,
549 1406 661 1453 moveat
674 1398 821 1455 cornicula
834 1399 932 1472 risum,

214 1474 337 1531 Furtivis
350 1474 458 1531 nudata
471 1474 621 1533 coloribus.
663 1475 729 1551 Ipse
743 1478 812 1554 quid
826 1479 934 1536 audes?
1123 1483 1163 1539 20

213 1553 290 1615 Quae
304 1552 514 1611 circumvolitas
529 1554 611 1629 agilis
624 1555 742 1629 thyma?
763 1575 821 1613 non
837 1556 888 1613 tibi
901 1577 1018 1632 parvum

215 1632 379 1710 Ingenium,
393 1651 453 1690 non
466 1631 607 1691 incultum
622 1644 675 1707 est,
689 1653 745 1691 nec
758 1635 877 1711 turpiter
890 1638 1004 1695 hirtum.

215 1714 274 1770 Seu
287 1712 417 1789 linguam
432 1712 527 1769 causis
541 1712 631 1785 acuis,
646 1732 697 1769 seu
711 1714 803 1771 civica
813 1713 878 1791 jura

214 1792 404 1868 Respondete
416 1810 509 1866 paras,
523 1810 575 1849 seu
589 1792 690 1850 condis
704 1793 826 1851 amabile
839 1813 965 1868 carmen,

213 1871 309 1929 Prima
323 1871 397 1929 seres
411 1871 524 1928 hederae
538 1871 663 1929 victricis
676 1873 808 1950 praemia:
829 1870 906 1948 qnbd
920 1875 943 1931 si
1122 1878 1162 1934 25

213 1951 330 2049 Frigida
343 1968 477 2007 curarum
492 1950 618 2009 fomenta
630 1952 791 2028 relinquere
803 1972 911 2029 posses,

212 2030 284 2092 Quo
298 2042 326 2089 te
340 2028 463 2088 coelestis
477 2030 615 2105 sapientia
629 2032 757 2105 duceret,
771 2031 836 2090 ires.

214 2109 280 2168 Hoc
294 2129 375 2185 opus,
389 2110 444 2167 hoc
458 2110 583 2167 studium
597 2112 676 2187 parvi
689 2130 871 2188 properemus
884 2123 914 2170 et
927 2113 1022 2189 ampli,

214 2189 247 2247 Si
260 2189 357 2265 patriae
371 2189 510 2261 volumus,
525 2189 550 2247 si
563 2190 657 2264 nobis,
671 2191 764 2248 vivere
777 2190 845 2247 cari.

252 2268 348 2327 Debes
362 2268 417 2326 hoc
430 2266 516 2325 etiam
529 2269 698 2341 rescribere,
711 2269 736 2326 si
749 2269 801 2327 tibi
815 2289 901 2341 curae,

212 2347 338 2409 Quantae
352 2346 514 2420 conveniat,
528 2347 697 2405 Munatius:
718 2367 756 2405 an
769 2346 843 2405 male
858 2360 934 2407 sarta

212 2427 312 2485 Gratia
324 2426 516 2503 nequidquam
530 2426 588 2485 coit
601 2437 632 2484 et
644 2426 834 2485 rescinditurl
855 2438 884 2485 at
897 2446 946 2486 vos

213 2507 272 2563 Seu
286 2507 395 2564 calidus
409 2504 537 2581 sanguis,
551 2525 601 2563 seu
614 2504 712 2565 rerum
725 2506 842 2564 inscitia
855 2518 938 2565 vexat

213 2584 358 2644 Indomita
371 2584 483 2645 cervice
497 2585 581 2659 seros,
597 2585 761 2662 ubicunque
774 2587 902 2645 locorum

213 2665 326 2737 Vivitis,
341 2664 453 2740 indigni
468 2664 623 2723 fraternum
637 2684 769 2743 rumpere
783 2666 884 2738 foedus,

212 2744 342 2803 Pascitur
356 2744 386 2805 in
400 2754 524 2803 vestrum
537 2744 663 2803 reditum
676 2746 768 2804 votiva
778 2746 909 2822 juvenca

529 3061 735 3121 EPISTOLA
757 3062 809 3120 IV.

482 3199 523 3239 An
544 3198 662 3239 tuntum
682 3200 846 3239 murittum.

213 3302 302 3374 Aunr,
317 3311 477 3359 nostrorum
493 3316 659 3357 sermonum
673 3298 796 3355 candide
807 3298 905 3374 judex,

211 3380 295 3443 Quid
309 3398 388 3438 nuno
403 3391 431 3437 te
445 3380 539 3437 dicam
555 3378 649 3436 facere
664 3377 694 3434 in
709 3377 826 3452 regione
840 3375 977 3435 Pedandl

212 3460 345 3518 Scribere
358 3459 435 3535 quod
449 3456 532 3515 Cassi
547 3456 711 3514 Parmensis
724 3457 861 3533 opuscula
875 3457 990 3516 vincatl

212 3539 261 3597 An
275 3540 394 3598 tacitum
408 3538 493 3595 silvas
507 3537 580 3594 inter
593 3546 705 3612 reptare
719 3536 856 3609 salubres,

211 3618 369 3677 Curantem
384 3616 520 3693 quidquid
535 3616 655 3691 dignum
669 3616 800 3693 sapiente
815 3616 944 3691 bonoque
957 3618 1021 3675 estl

210 3695 280 3756 Nou
293 3709 325 3756 tu
339 3715 443 3773 corpus
455 3714 519 3753 eras
532 3694 595 3753 sine
608 3707 733 3772 pectore.
773 3693 813 3752 Di
826 3695 878 3753 tibi
893 3696 1020 3769 formam,

210 3775 249 3835 Di
264 3778 316 3836 tibi
330 3776 442 3834 divitias
456 3775 605 3848 dederunt,
620 3786 765 3850 artemque
780 3775 901 3833 fruendi.

249 3854 332 3918 Quid
347 3865 447 3914 voveat
460 3854 538 3913 dulci
553 3854 697 3912 nutricula
710 3853 802 3929 majus
816 3854 941 3926 alumno,

211 3934 275 4002 Qui
289 3954 389 4011 sapere
403 3945 433 3993 et
446 3934 499 3992 fari
512 3934 600 4011 possit
614 3951 678 4010 quae
691 3934 805 4005 sentiat,
820 3943 849 3990 et
862 3932 910 3991 cui

410 4014 447 4072 13
457 4013 474 4048 *
