2617 4442
164 374 220 433 126
494 369 832 427 cenomanensem

202 516 335 575 Destinet
348 532 481 585 uxorem3
502 514 655 573 interdicto
667 512 737 571 huic
750 532 835 572 omne
849 513 979 574 adimat
967 534 1016 595 Jus

202 596 319 669 Praetor,
333 606 363 653 et
376 595 412 652 ad
427 612 511 652 sanos
525 594 608 652 abeat
620 593 711 651 tutela
722 594 905 670 propinquos.

200 676 299 737 Quidl
321 675 419 751 siquis
432 684 547 751 gnatam
561 692 612 749 pro
626 672 706 730 muti
720 673 841 731 devovet
853 693 940 751 agna,

202 756 319 831 Integer
332 765 377 812 est
391 753 500 812 animil
534 752 582 810 Ne
596 752 710 809 dixeris
744 750 832 842 Ergo,
848 754 898 810 ubi
910 773 997 829 prava
1095 757 1158 814 220

203 834 338 906 Stultitia,
353 831 402 891 hic
416 842 459 890 est
473 850 583 890 summa
597 831 726 891 insania:
746 851 795 907 qui
787 832 974 907 sceleratus,

201 914 240 971 Et
254 914 375 971 furiosus
388 912 460 970 erit:
481 930 566 987 quern
580 912 658 987 oepit
670 910 760 969 vitrea
770 911 857 985 fama,

202 993 292 1050 Hunc
306 991 510 1049 circumtonuit
522 992 652 1068 gaudens
665 990 785 1048 Bellona
798 990 933 1049 cruentis.

201 1072 291 1129 Nunc
305 1091 368 1148 age,
381 1071 522 1129 luxuriam
535 1081 565 1128 et
578 1068 794 1128 Nomentanum
807 1070 899 1147 arripe
911 1088 1035 1129 mecum.
1067 1126 1071 1134 ,

201 1152 308 1209 Vincet
318 1152 395 1208 enim
410 1150 509 1207 stultos
522 1150 594 1208 ratio
602 1148 728 1206 insanire
741 1160 868 1225 nepotes
1094 1151 1158 1209 225

202 1230 261 1288 Hic
275 1230 358 1287 simul
373 1228 492 1326 accepit
497 1228 650 1305 patrimoni
665 1228 742 1286 mille
754 1230 873 1303 talenta,

203 1310 436 1387 Edicit,piscator
450 1306 492 1366 uti
495 1308 671 1385 ,pomarius,
687 1326 803 1384 auceps,

201 1389 425 1479 Unguentarins,
439 1406 473 1445 ac
486 1386 579 1446 Tusci
592 1388 697 1446 turba
689 1387 778 1463 impia
789 1387 856 1460 vici,

203 1470 279 1527 Cum
293 1469 398 1526 scurris
413 1468 507 1541 sartor,
522 1486 589 1526 curn
602 1468 729 1525 Velabro
741 1485 828 1525 omne
840 1467 1007 1540 macellum,

202 1546 292 1607 Mane
304 1549 422 1606 domum
433 1548 557 1605 veniant.
587 1546 670 1609 Quid
680 1548 763 1604 tum'l
782 1544 900 1605 Venere
911 1547 1079 1624 frequentes.
1093 1548 1156 1606 230

202 1628 299 1686 Verba
314 1628 382 1686 facit
391 1628 474 1685 leno:
510 1627 681 1702 ‘Quidquid
696 1626 778 1699 mihi,
789 1625 930 1702 quidquid
944 1638 973 1685 et
986 1629 1086 1686 horum

202 1708 315 1785 Cuique
324 1708 400 1765 dorni
414 1718 467 1779 est,
479 1706 508 1763 id
520 1707 605 1764 crede
619 1717 717 1776 tuum3
738 1715 767 1762 et
779 1704 824 1763 vel
838 1725 918 1764 nunc
927 1718 1002 1784 pete,
1013 1707 1056 1764 vel
1069 1707 1153 1765 cras'

203 1788 317 1863 Accipe
329 1787 398 1862 quid
412 1784 513 1843 contra
523 1785 637 1861 juvenis
650 1784 828 1861 responderit
841 1803 956 1860 aequus·

203 1866 258 1923 Iu
274 1866 339 1923 nive
353 1866 474 1923 Lucani
488 1863 594 1921 dormis
608 1874 750 1936 ocreatus,
762 1875 794 1921 ut
807 1882 907 1941 aprum

203 1944 323 2002 Gcenem
337 1963 407 2021 ego;
427 1954 460 2001 tu
472 1942 566 2019 pisces
580 1942 700 2000 hiberno
714 1962 750 2000 ex
764 1962 875 2020 aequore
889 1943 990 2003 vellis.
1090 1945 1154 2003 235

202 2024 306 2101 Segnis
319 2042 384 2099 ego,
396 2022 531 2099 indignus
544 2022 593 2098 qui
605 2020 719 2080 tantum
731 2024 901 2099 possideam.
935 2024 1043 2083 Aufer:

202 2104 291 2161 Sume
304 2103 355 2160 tibi
370 2102 482 2172 decies;
503 2102 555 2159 tibi
566 2102 753 2172 tantundem3
774 2103 825 2160 tibi
839 2102 958 2180 triplex!

201 2182 291 2240 Filius
305 2180 405 2258 AEsopi
420 2182 576 2239 detractam
590 2200 626 2239 en
639 2200 708 2239 aure
722 2180 858 2255 Metella,

202 2261 319 2319 Scilicet
333 2272 364 2319 ut
377 2261 474 2320 decies
488 2261 611 2319 solidum
624 2261 797 2335 exsorberet,
811 2272 893 2320 aceto

200 2341 293 2399 Diluit
306 2341 449 2418 insignem
463 2340 599 2399 baccam:
619 2340 670 2417 qui
683 2341 777 2399 sanior
790 2341 863 2398 acsi
953 2378 962 2394 ·
1092 2341 1156 2401 240

200 2420 276 2479 Illud
290 2421 367 2478 idem
380 2422 411 2479 in
421 2421 552 2499 rapidum
566 2420 674 2479 llumen
685 2420 826 2497 jaceretve
840 2420 990 2479 cloacam?

199 2501 304 2562 Quinti
317 2501 468 2577 progenies
482 2499 560 2574 Arri,
574 2519 625 2576 par
637 2500 734 2558 nobile
748 2500 875 2572 nauum,

200 2578 347 2655 Nequitia,
362 2590 391 2637 et
404 2580 499 2655 nugis,
512 2598 662 2655 pravorum
676 2591 706 2637 et
719 2598 815 2637 amore
829 2579 994 2656 gemellum,

200 2658 351 2716 Luscinias
364 2658 438 2716 soliti
452 2659 580 2735 impenso
594 2659 733 2735 prandere
748 2662 902 2735 coemptas.

198 2738 347 2799 Quorsum
360 2737 487 2795 abeantl
507 2738 571 2795 sani
585 2749 617 2796 ut
630 2739 719 2811 creti,
734 2758 771 2795 an
786 2740 911 2797 carbone
924 2737 1067 2797 notandii
1092 2738 1153 2797 245

200 2816 357 2874 AEdificare
371 2835 452 2873 casas
453 2816 625 2893 ,plaustello
638 2817 794 2894 adjungere
808 2836 914 2892 mures,
1017 2879 1020 2884 ,

199 2895 312 2953 Ludere
325 2914 376 2970 par
391 2894 489 2972 impar,
503 2897 630 2972 equitare
644 2898 675 2955 in
689 2897 829 2955 arundine
843 2865 940 2976 longb,

200 2976 326 3049 Siquam
340 2974 463 3032 delectet
476 2976 634 3049 barbatum,
648 2977 774 3034 amentia
787 2989 887 3036 verset.

199 3055 231 3112 Si
244 3053 380 3129 puerilius
394 3054 438 3111 his
448 3055 519 3113 ratio
529 3074 592 3113 esse
606 3056 719 3114 evincet
732 3074 845 3147 amare;

199 3133 264 3192 Nec
277 3133 431 3209 quidquam
445 3134 567 3209 differre,
582 3144 716 3193 utrumne
730 3135 760 3193 in
774 3136 899 3213 pulvere,
912 3135 1014 3193 trimus
1092 3134 1153 3193 250

198 3213 294 3277 Quale
308 3210 397 3289 priris,
411 3214 494 3271 ludas
507 3234 588 3292 opus,
599 3233 637 3273 an
652 3215 811 3273 meretricis
824 3232 921 3272 amore

199 3293 344 3352 Sollicitus
356 3294 466 3370 plores:
487 3314 592 3370 quaero,
607 3296 733 3354 faciasne
747 3294 823 3370 quod
836 3294 905 3353 olim

198 3372 328 3430 Mutatus
341 3373 498 3434 Polemoni
517 3394 607 3451 ponas
621 3374 746 3450 insignia
759 3370 859 3456 morbi,

198 3451 353 3522 Fasciolas,
368 3453 484 3525 cubital,
498 3453 601 3511 focalia
603 3465 708 3530 ,potus
722 3464 754 3511 ut
767 3453 815 3511 ille

198 3530 311 3588 Dicitur
325 3549 361 3587 ex
374 3532 447 3589 collo
461 3531 557 3589 furtim
571 3533 710 3607 carpsisse
723 3550 853 3605 coronas,
1091 3530 1155 3589 253

198 3609 350 3699 Postquam
364 3621 407 3667 est
421 3610 556 3685 impransi
570 3621 716 3686 correptus
729 3630 800 3669 voce
813 3578 961 3689 mbgistril

198 3687 344 3765 Porrigis'
337 3700 407 3746 irato
419 3708 508 3765 puero
521 3707 608 3765 quum
621 3708 715 3780 poma,
730 3700 862 3750 recusat:

199 3768 316 3841 ‘Sume
331 3766 467 3838 Catones
504 3779 606 3859 negat:
628 3768 652 3826 si
666 3788 724 3827 non
738 3770 789 3827 des
791 3779 901 3846 o,ptat.
943 3767 1063 3830 Amator

199 3847 341 3904 Exclusus
353 3866 403 3921 qu1
393 3846 502 3905 distat
503 3848 585 3925 ,agit
598 3849 647 3907 ubi
661 3866 770 3921 secum,
785 3859 831 3905 eat
845 3868 882 3907 an
896 3866 955 3907 non

198 3922 270 3988 Quo
284 3926 425 3985 rediturus
438 3938 499 3985 erat
512 3946 569 3986 non
583 3928 745 4001 arcessitus,
758 3938 788 3987 et
798 3929 887 3987 beret
1094 3925 1157 3985 200
