2617 4442
525 356 726 406 GARMINUM
743 359 811 408 LIB.
827 360 865 407 11.

356 499 502 558 Oblivioso
515 500 588 558 levia
596 499 725 560 Massico

356 579 473 637 Ciboria
485 580 583 656 exple:
605 581 694 638 funde
708 581 862 658 capacibus

396 657 551 733 Unguenta
564 661 600 716 de
614 660 742 718 conchis.
773 660 851 721 Quis
864 661 922 719 udo

435 735 631 814 Deproperare
645 741 710 815 apio
724 758 844 797 coronas

356 815 481 874 Curatve
494 820 604 893 myrtol
624 837 711 893 quern
724 819 825 876 Venus
839 818 975 878 arbitrum

355 894 443 954 Dicet
456 896 591 955 bibendil
621 897 691 955 Non
704 916 759 973 ego
769 894 869 956 sanius

397 974 564 1034 Bacchabor
578 975 705 1034 Edonis:
726 987 841 1052 recepto

435 1052 529 1113 Dulce
544 1055 614 1114 mihi
628 1055 721 1114 firrere
735 1066 778 1114 est
792 1055 894 1114 amico.

612 1368 698 1429 ODE
718 1369 771 1428 VI.

600 1507 641 1546 AD
651 1507 795 1548 VALGIUM.

356 1605 430 1664 Nou
443 1625 555 1683 semper
570 1607 675 1664 imbres
688 1608 814 1665 nubibus
826 1609 953 1686 hispidos

356 1685 479 1743 Manent
492 1687 522 1743 in
537 1705 629 1763 agros,
644 1698 693 1744 aut
706 1706 784 1744 mare
798 1687 936 1765 Caspium

396 1766 511 1823 Vexant
524 1766 678 1841 inaequales
688 1767 820 1842 procellae

434 1843 531 1919 Usque
542 1865 549 1915 ;
570 1864 626 1902 nec
637 1845 785 1903 Armeniis
798 1847 828 1903 in
841 1847 908 1921 oris,

358 1923 460 1981 Amice
474 1925 569 2001 Valgi,
582 1935 637 1982 stat
649 1925 757 2001 glacies
770 1926 847 1983 iners

356 2000 472 2060 Menses
485 2023 536 2080 per
549 2023 649 2062 omnes
661 2025 668 2074 3
690 2015 740 2062 aut
752 2005 947 2080 Aquilonibus

395 2082 543 2143 Querceta
556 2084 683 2159 Gargani
696 2084 835 2157 laborant,

435 2161 473 2219 Et
487 2163 560 2220 foliis
571 2163 724 2220 viduantur
737 2164 809 2221 orni.

356 2241 406 2298 Tu
420 2260 531 2317 semper
545 2260 631 2317 urges
644 2241 787 2298 flebilibus
799 2243 893 2300 modis

357 2319 474 2394 Mysten
490 2321 670 2394 ademptum:
690 2339 747 2376 nec
759 2320 811 2377 tibi
821 2321 950 2397 Vespero

398 2400 542 2473 Surgeute
556 2398 702 2454 decedunt
715 2417 835 2471 amores,

437 2476 468 2533 N
470 2495 505 2534 ec
518 2477 649 2553 rapidum
661 2477 788 2553 fugiente
803 2478 909 2537 Solem.

357 2556 399 2615 At
412 2575 469 2615 non
484 2567 527 2614 ter
541 2575 600 2614 aevo
614 2557 731 2614 functus
745 2557 895 2617 amabilem

356 2635 479 2694 Ploravit
492 2655 592 2694 omnes
605 2636 794 2694 Antilochum
807 2657 897 2695 senex

397 2716 516 2774 Annos:
537 2734 594 2772 nec
606 2716 753 2792 impubem
765 2727 899 2793 parentes

437 2795 569 2867 Troilon,
584 2805 634 2852 aut
647 2795 779 2871 Phrygiae
793 2815 912 2869 sororeS,

357 2871 476 2932 Flevt'ire
491 2893 610 2950 semper.
645 2872 754 2933 Desine
768 2875 896 2932 mollium

357 2953 491 3011 Tandem
504 2953 699 3029 querelarum:
719 2965 749 3013 et
761 2953 856 3031 potiris
868 2972 942 3012 nova

397 3031 555 3090 Cantemus
569 3034 695 3109 Augusti
709 3044 816 3111 tropaea

435 3112 569 3184 Caesarie,
582 3122 612 3170 et
624 3113 749 3188 rigidum
762 3112 920 3189 Niphaten,

356 3189 533 3266 Medumque
547 3191 665 3261 flumen,
680 3191 813 3265 gentibus
827 3193 957 3250 additum

358 3269 460 3340 Victis,
475 3270 600 3326 minores
611 3268 722 3325 volvere
736 3269 866 3339 vortices,

397 3345 532 3420 Intraque
545 3346 741 3422 praescriptum
755 3346 880 3405 Gelonos

437 3425 558 3503 Exiguis
571 3425 698 3500 equitare
712 3425 827 3503 campis.
