2617 4442
159 362 216 421 140
488 358 519 415 Q·
536 356 683 407 nomn
699 357 825 408 FLACCI

196 502 216 559 J
217 521 264 561 am
277 505 345 561 vino
356 519 497 579 quaereus,
504 500 565 579 jam
578 520 690 575 mnino,
703 500 800 560 fallere
814 518 930 561 curantt

197 580 334 651 Frustrd3
355 600 422 641 nam
436 600 532 639 nomes
545 590 607 639 atra
620 580 723 658 premit
736 579 919 657 sequiturque
933 580 1078 658 fugacem.

578 731 723 766 nonanus

197 796 282 857 Unde
295 796 368 857 mihi
379 796 524 875 lapidem?

604 949 701 984 DAVUS·

553 1034 703 1099 Quorsum
715 1046 759 1093 est
771 1036 865 1112 opus?

583 1186 728 1221 HOMTIUS.

914 1251 999 1311 Unde
1012 1251 1155 1330 sagittas?
1214 1315 1218 1321 ⁴

605 1403 702 1437 DAVUS·

199 1494 261 1555 Aut
274 1491 380 1554 insanit
393 1492 489 1565 homo,
503 1501 551 1551 aut
564 1510 663 1550 versus
675 1490 753 1549 favit.

581 1644 726 1678 mm
814 1687 909 1751 osas
922 1691 990 1749 hino
1003 1702 1031 1750 ω
1111 1692 1151 1751 nr

199 1770 240 1830 Ni
253 1769 339 1849 rapis,
351 1771 474 1831 accedes
486 1789 573 1848 opera
587 1789 655 1847 agro
668 1770 876 1830 nona.Sabino.

520 2125 680 2186 SATIRA
701 2127 788 2230 VIiI.

582 2296 728 2331 ΕΟΜΉΜ.

201 2387 246 2447 Ua·
258 2396 289 2447 te
301 2383 453 2445 Nasidieni
463 2384 537 2463 juvit
550 2403 634 2443 eoena
646 2384 743 2443 bestii

198 2466 277 2527 Nam
290 2466 372 2541 mihi,
384 2464 524 2543 querenti
537 2464 695 2538 convivam,
710 2465 804 2523 dictus
817 2461 887 2525 hero
901 2464 961 2524 illie

97 2604 100 2611 .
199 2546 246 2607 De
258 2546 355 2605 medio
366 2556 465 2623 potare
478 2544 534 2602 die.

573 2694 737 2731 [nunninus.

594 2780 654 2854 Sia,
668 2792 700 2838 ut
712 2780 783 2839 mihi
797 2800 943 2857 nunquam

198 2860 236 2923 In
249 2858 308 2920 viti
321 2859 405 2919 fuerit
417 2856 529 2918 melitis.

580 3011 727 3046 nonanus.

594 3094 650 3170 Da,
665 3097 690 3154 si
703 3116 788 3173 grave
802 3117 860 3157 non
874 3109 927 3173 est,

198 3178 277 3244 Qun
289 3177 382 3257 prima
395 3178 498 3237 iratum
510 3186 637 3235 ventrem
651 3176 805 3254 placaverit
817 3196 893 3236 esca.

573 3330 735 3364 rusnsrvrus.
838 3311 847 3317 ’

199 3418 237 3477 In
250 3419 349 3495 primis
362 3418 498 3477 Lucanus
511 3436 578 3493 aper
591 3438 597 3474 :
618 3418 677 3475 leni
693 3417 745 3475 fuit
759 3418 868 3477 Austro

200 3497 319 3574 Captus,
334 3506 365 3553 ut
379 3496 473 3554 aiebat
486 3514 576 3553 coenae
589 3508 677 3572 pater.
719 3497 809 3555 Acria
823 3492 935 3555 nircum

200 3574 325 3653 Rapula,
339 3576 469 3647 lactuca,
483 3575 605 3646 radices,
619 3576 714 3651 qualia
727 3576 832 3633 lassum

199 3654 364 3713 Pervellunt
377 3654 554 3711 stomachum
566 3671 573 3722 ;
594 3654 675 3726 siser,
689 3655 781 3729 halec,
796 3655 898 3714 faeetda
910 3653 979 3713 Coa.

200 3732 257 3792 His
269 3732 318 3792 ubi
333 3732 449 3789 sublatis
461 3750 533 3807 puer
547 3730 604 3789 alte
619 3734 732 3790 dinetus
745 3753 879 3792 acernam

199 3814 333 3889 Gausapa
346 3829 489 3887 purpureo
502 3829 630 3869 mensam
644 3813 785 3889 pertersit,
799 3823 829 3872 et
842 3813 914 3873 alter
