2617 4442
486 355 519 412 Q.
536 352 684 404 HORATII
701 354 825 404 anneot

538 574 631 646 ¹ona
650 575 769 652 xxrx.

454 713 495 753 AD
508 713 675 754 sonuum
687 712 855 754 munuae.

318 812 347 872 Ο
361 830 442 886 orvs,
455 823 645 890 gratumque
659 813 735 891 regis
749 814 882 888 Antium,
970 833 973 836 ’

319 893 450 952 Proesens
463 893 507 952 vel
521 893 579 951 imo
592 893 690 952 tollere
704 893 740 950 de
753 893 845 969 gradu

358 969 479 1030 Mortale
493 990 605 1048 corpus,
619 973 663 1030 vel
677 973 814 1048 superbos

397 1050 517 1109 Vertere
532 1051 679 1108 funeribus
691 1051 866 1127 triumphos:

319 1128 366 1188 Te
378 1147 486 1207 pauper
499 1130 589 1187 ambit
601 1129 723 1188 solliciti
736 1149 822 1206 prece

318 1208 409 1268 Ruris
422 1208 556 1288 colonus;
577 1219 606 1265 te
620 1209 765 1266 dominam
779 1207 908 1284 aequoris,

359 1287 537 1363 Quicunque
551 1287 676 1363 Bithynia
688 1288 804 1346 lacessit

398 1366 583 1442 Carpathium
596 1368 715 1444 pelagus
728 1366 835 1425 carini.
908 1362 911 1368 ’

318 1444 366 1504 Te
379 1444 477 1503 Dacus
491 1465 581 1522 asper,
595 1457 623 1503 te
636 1447 749 1522 profugi
763 1447 887 1522 Scythae,

319 1523 477 1600 Urbesque,
491 1534 658 1600 gentesque,
672 1535 701 1582 et
715 1525 830 1582 Latium
844 1525 932 1598 ferox,

361 1602 535 1679 Regumque
549 1614 653 1661 matres
667 1603 860 1677 barbarorum,
874 1612 904 1662 et

397 1682 537 1758 Purpurei
550 1693 682 1741 metuunt
695 1684 819 1758 tyranni,

318 1759 461 1836 Injurioso
474 1779 511 1817 ne
524 1762 598 1836 pede
611 1780 729 1837 proruas

319 1841 449 1898 Stantem
463 1839 636 1913 columnam,
650 1859 709 1897 neu
722 1840 843 1916 populus
856 1839 989 1916 frequens

360 1918 408 1976 Ad
421 1937 500 1976 arma
513 1929 658 1976 cessantes
672 1920 708 1976 ad
722 1939 801 1977 arma

398 1996 540 2068 Concitet,
556 1997 762 2073 imperiumque
771 1998 896 2073 frangat.

319 2074 366 2133 Te
380 2094 490 2150 semper
504 2077 594 2135 anteit
607 2096 681 2134 saeva
693 2076 870 2149 Necessitas,

320 2154 423 2213 Claros
436 2154 558 2213 trabales
572 2166 601 2213 et
614 2175 722 2215 cuneos
736 2176 823 2215 manu

359 2234 484 2292 Gestaris
498 2235 607 2305 ahenb;
628 2255 685 2294 nec
698 2255 813 2294 severus

398 2313 498 2371 Uncus
512 2315 601 2388 abest,
615 2316 812 2394 liquidumque
824 2312 982 2391 plumbum.

318 2392 366 2451 Te
380 2394 453 2470 Spes
466 2403 495 2451 et
509 2394 574 2453 albo
587 2414 651 2454 rara
665 2395 754 2454 Fides
768 2395 836 2453 colit

318 2473 421 2532 Velata
433 2492 529 2549 panno
537 2494 545 2543 ;
567 2493 622 2530 nec
636 2476 768 2532 comitem
783 2475 915 2549 abnegat,

359 2551 511 2625 Utcunque
525 2551 634 2607 mutati
646 2561 777 2626 potentes

398 2630 487 2686 Veste
501 2628 600 2686 domos
613 2629 731 2686 inimica
744 2628 857 2704 linquis.

319 2708 360 2765 At
372 2707 474 2784 vulgus
488 2704 608 2766 infidum
623 2719 651 2765 et
665 2708 799 2765 meretrix
811 2717 887 2764 retro

319 2785 438 2862 Perjura
452 2788 544 2846 cedit:
558 2786 720 2862 diffugiunt
733 2786 813 2843 cadis

358 2865 435 2923 Cum
449 2866 519 2926 faece
533 2865 646 2924 siccatis
660 2866 756 2938 amici,

397 2943 485 3004 Ferre
497 2947 598 3023 jugum
612 2945 717 3021 pariter
731 2943 829 3003 dolosi.

318 3023 420 3081 Serves
431 3025 536 3084 iturum
551 3024 696 3082 Caesarem
712 3024 741 3081 iu
754 3024 870 3102 ultimos

317 3102 405 3160 Orbis
418 3103 580 3176 Britannos,
594 3114 624 3162 et
634 3104 771 3179 juvenum
786 3120 887 3160 recens

357 3181 486 3242 Examen
502 3185 571 3242 Eois
584 3183 743 3240 timendum

399 3262 540 3336 Partibus,
554 3262 732 3337 Oceanoque
745 3261 855 3320 Rubro.

317 3339 417 3400 Eheu!
439 3344 605 3401 cicatricum
619 3353 647 3400 et
662 3342 778 3399 sceleris
790 3342 888 3417 pudet,

319 3420 514 3497 Fratrumque.
555 3422 638 3482 Quid
651 3441 705 3478 nos
719 3422 789 3478 dura
802 3419 959 3495 refugimus

358 3499 460 3557 AEtasl
481 3500 547 3575 quid
563 3500 701 3557 intactum
716 3500 819 3557 nefasti

396 3578 563 3654 Liquimusl
583 3580 661 3636 unde
675 3597 793 3635 manum
803 3579 938 3654 juventus

317 3655 400 3714 Metu
414 3659 531 3716 deorum
546 3657 707 3715 continuitl
727 3657 829 3732 quibus

317 3733 449 3812 Pepercit
462 3738 547 3795 ariel.
558 3781 582 3794 ..
596 3736 625 3794 0
639 3737 748 3793 utinam
761 3737 836 3794 novi

359 3815 469 3874 incude
484 3816 616 3892 diffingas
629 3828 756 3872 retusum
770 3815 800 3872 in

397 3895 574 3973 Massagetas
587 3896 754 3971 Arabasque
769 3891 891 3952 ferruml
