2617 4442
483 384 690 435 SATIRARUM
707 385 774 434 LIB.
793 386 830 436 11.
847 390 871 437 ⁷.

211 525 322 587 Tincta
334 546 420 605 super
433 526 522 587 lectos
536 529 673 590 canderet
686 529 772 588 vestis
786 531 920 606 eburnos,

212 606 365 683 Multaque
379 608 415 665 de
428 607 535 685 magnai
549 620 732 685 superessent
746 610 854 669 fercula
867 610 969 685 coend,

210 686 290 749 Quae
303 688 402 763 procul
417 688 568 748 exstructis
582 688 697 747 inerant
709 689 845 749 hesterna
857 691 998 750 canistris.
1113 692 1170 752 105

211 766 290 843 Ergo
303 766 354 827 ubi
366 768 508 844 purpured
521 778 684 844 porrectum
697 768 729 826 in
743 780 820 827 veste
833 770 937 831 locavit

211 847 376 923 Agrestem,
390 846 477 905 veluti
491 846 660 906 succinctus
673 848 792 906 cursitat
805 850 917 926 hospes,

211 925 426 1001 continuatque
440 926 544 1003 dapes3
565 946 695 985 necnon
708 929 860 987 vernaliter
873 928 942 1006 ipsis

211 1004 355 1081 Fungitur
368 1006 479 1078 officiis,
492 1006 682 1083 praelambens
694 1026 780 1068 omne
793 1010 870 1084 quod
881 1009 980 1067 adfert

212 1083 265 1142 Ille
280 1085 390 1143 cubans
403 1085 510 1161 gaudet
522 1085 632 1143 mutata
646 1097 731 1160 sorte,
746 1088 884 1164 bonisque
1111 1091 1168 1149 110

211 1163 314 1221 Rebus
328 1163 388 1241 agit
401 1163 497 1222 laetum
511 1164 676 1236 convivam
692 1174 785 1241 'quum
796 1164 891 1227 subitd
905 1168 1009 1245 ingens

211 1243 366 1301 valvarum
380 1244 512 1320 strepitus
524 1244 607 1302 lectis
619 1246 746 1303 excussit
758 1256 918 1323 utrumque.

213 1322 336 1382 Currere
350 1342 401 1398 per
414 1334 505 1381 totum
515 1324 609 1399 pavidi
623 1325 778 1394 conclave3
799 1324 948 1403 magisque

211 1400 368 1460 Exanimes
380 1403 532 1479 trepidare,
546 1403 629 1461 simul
644 1404 746 1462 domus
760 1404 817 1463 alta
830 1404 963 1464 Molossis

212 1481 363 1541 Personuit
376 1482 505 1541 canibus.
546 1482 626 1540 Tum
640 1483 774 1557 rusticus,
789 1484 895 1543 ‘Haud
909 1484 981 1543 mihi
993 1484 1053 1544 vita
1109 1486 1167 1544 115

211 1560 265 1619 Est
276 1580 348 1640 opus
361 1562 427 1635 haic,
442 1562 500 1632 ait;
521 1572 550 1620 et
560 1562 671 1632 valeas3
692 1581 739 1621 me
753 1564 823 1620 silva
835 1582 978 1641 carusque

133 1706 135 1711 ,
211 1640 308 1700 Tutus
321 1642 359 1700 ab
371 1640 485 1701 insidiis
498 1640 579 1700 tenui
593 1641 729 1700 solabitur
742 1643 827 1702 ervo!
842 1644 860 1671 ’'

540 2042 699 2101 SATIRA
720 2041 789 2102 VII.

617 2195 714 2228 DAVUS.

209 2280 383 2339 Jsununuu
397 2280 543 2351 ausculto;
565 2290 604 2354 et,
618 2280 738 2357 cupiens
751 2280 803 2338 tibi
817 2280 914 2339 dicere
927 2298 1026 2339 servus

210 2360 316 2434 Pauca,
331 2359 493 2425 reformido.

594 2510 739 2545 uenustus.

575 2597 732 2657 Davusne?
788 2664 792 2670 ⁴

617 2752 714 2785 DAVUS.

721 2839 776 2914 Ita,
790 2839 898 2914 Davus,
912 2840 1038 2901 amicum

210 2920 390 2997 Mancipium
404 2920 531 2995 domino,
545 2930 574 2979 ct
588 2919 673 2999 frugi,
687 2922 763 2997 quod
777 2920 814 2979 sit
827 2919 907 2995 satis,
921 2920 976 2981 hoc
988 2932 1044 2997 est,

210 3000 249 3061 Ut
261 3000 345 3059 vitale
358 3010 441 3077 putes

590 3152 737 3186 EORATIUS.

523 3237 600 3313 Age,
613 3236 744 3294 libertate
757 3235 924 3311 Decembri,

207 3318 338 3383 Quando
348 3316 388 3376 ita
400 3317 524 3396 majores
537 3316 697 3388 voluerunt,
711 3327 809 3385 utere;
830 3333 923 3372 narra
1138 3318 1160 3377 6

614 3466 711 3499 DAVUS.

205 3556 276 3615 Pars
290 3556 438 3615 hominum
452 3553 528 3613 vitiis
541 3554 647 3629 gaudet
660 3563 834 3626 constanter,
847 3562 877 3612 et
890 3565 974 3632 urget

204 3635 401 3713 Propositum:
421 3653 489 3710 pars
501 3632 590 3691 multa
603 3642 691 3706 natat,
705 3629 792 3691 modd
806 3643 885 3691 recta
897 3651 1050 3711 capesseus

204 3715 355 3775 Interdum
368 3714 462 3791 pravis
474 3713 606 3771 obnoxia.
649 3709 733 3787 Saepe
748 3722 862 3770 notatus

203 3796 281 3855 Cum
294 3795 385 3853 tribus
399 3792 530 3865 annellis,
544 3789 629 3851 modd
643 3793 715 3850 laevd
729 3790 846 3849 Priscus
859 3790 949 3867 inani,

203 3873 286 3933 Vixit
298 3873 457 3951 inaequalis,
471 3872 583 3931 clavum
597 3884 629 3929 ut
643 3880 767 3931 mutaret
780 3870 810 3929 in
825 3871 909 3929 horas
917 3892 926 3943 ;
1120 3870 1158 3931 10

203 3954 329 4016 AEdibus
341 3974 379 4013 ex
392 3952 504 4030 magnis
519 3949 613 4011 subitd
627 3971 659 4011 se
673 3951 819 4025 conderet,
833 3952 911 4010 unde

404 4034 441 4092 12
452 4032 470 4069 s
846 4058 848 4062 .
