<?xml version="1.0" encoding="UTF-8"?>
<!DOCTYPE html PUBLIC "-//W3C//DTD XHTML 1.0 Transitional//EN"
    "http://www.w3.org/TR/xhtml1/DTD/xhtml1-transitional.dtd">
<html xmlns="http://www.w3.org/1999/xhtml" xml:lang="en" lang="en">
 <head>
  <title>
</title>
<meta http-equiv="Content-Type" content="text/html;charset=utf-8" />
  <meta name='ocr-system' content='tesseract 3.04.00' />
  <meta name='ocr-capabilities' content='ocr_page ocr_carea ocr_par ocr_line ocrx_word'/>
</head>
<body>
  <div class='ocr_page' id='page_1' title='image "./opera03horagoog_0202.png"; bbox 0 0 2617 4442; ppageno 0'>
   <div class='ocr_carea' id='block_1_1' title="bbox 163 369 828 442">
    <p class='ocr_par' dir='ltr' id='par_1_1' title="bbox 163 369 828 442">
     <span class='ocr_line' id='line_1_1' title="bbox 163 369 828 442; baseline -0.008 -17"><span class='ocrx_word' id='word_1_1' title='bbox 163 380 220 442; x_wconf 74' lang='lat'>192</span> <span class='ocrx_word' id='word_1_2' title='bbox 487 374 520 432; x_wconf 88' lang='lat' dir='ltr'>o.</span> <span class='ocrx_word' id='word_1_3' title='bbox 538 370 686 423; x_wconf 77' lang='lat' dir='ltr'>nomm</span> <span class='ocrx_word' id='word_1_4' title='bbox 703 369 828 421; x_wconf 80' lang='lat' dir='ltr'>rasccr</span> 
     </span>
    </p>
   </div>
   <div class='ocr_carea' id='block_1_2' title="bbox 199 514 1054 3679">
    <p class='ocr_par' dir='ltr' id='par_1_2' title="bbox 199 514 1054 3679">
     <span class='ocr_line' id='line_1_2' title="bbox 199 514 925 593; baseline -0.008 -12"><span class='ocrx_word' id='word_1_5' title='bbox 199 540 318 581; x_wconf 85' lang='lat' dir='ltr'>noscere</span> <span class='ocrx_word' id='word_1_6' title='bbox 327 520 496 579; x_wconf 88' lang='lat' dir='ltr'>mendacem</span> <span class='ocrx_word' id='word_1_7' title='bbox 510 535 665 593; x_wconf 85' lang='lat' dir='ltr'>verumque</span> <span class='ocrx_word' id='word_1_8' title='bbox 678 514 778 574; x_wconf 76' lang='lat' dir='ltr'>beatus</span> <span class='ocrx_word' id='word_1_9' title='bbox 790 514 925 575; x_wconf 87' lang='lat' dir='ltr'>amicum.</span> 
     </span>
     <span class='ocr_line' id='line_1_3' title="bbox 200 595 887 674; baseline -0.013 -13"><span class='ocrx_word' id='word_1_10' title='bbox 200 601 260 674; x_wconf 88' lang='lat' dir='ltr'>Tu,</span> <span class='ocrx_word' id='word_1_11' title='bbox 274 620 326 659; x_wconf 91' lang='lat' dir='ltr'>sen</span> <span class='ocrx_word' id='word_1_12' title='bbox 340 600 465 672; x_wconf 70' lang='lat' dir='ltr'>donabis,</span> <span class='ocrx_word' id='word_1_13' title='bbox 476 616 527 657; x_wconf 88' lang='lat' dir='ltr'>seu</span> <span class='ocrx_word' id='word_1_14' title='bbox 541 598 610 673; x_wconf 88' lang='lat' dir='ltr'>quid</span> <span class='ocrx_word' id='word_1_15' title='bbox 624 598 732 654; x_wconf 87' lang='lat' dir='ltr'>donare</span> <span class='ocrx_word' id='word_1_16' title='bbox 745 595 815 653; x_wconf 86' lang='lat' dir='ltr'>velis</span> <span class='ocrx_word' id='word_1_17' title='bbox 827 595 887 667; x_wconf 89' lang='lat' dir='ltr'>eui,</span> 
     </span>
     <span class='ocr_line' id='line_1_4' title="bbox 200 674 880 741; baseline -0.015 0"><span class='ocrx_word' id='word_1_18' title='bbox 200 680 301 741; x_wconf 80' lang='lat' dir='ltr'><strong>Nolito</strong></span> <span class='ocrx_word' id='word_1_19' title='bbox 314 680 350 738; x_wconf 90' lang='lat' dir='ltr'>ad</span> <span class='ocrx_word' id='word_1_20' title='bbox 364 698 462 737; x_wconf 85' lang='lat' dir='ltr'>versus</span> <span class='ocrx_word' id='word_1_21' title='bbox 475 678 527 735; x_wconf 94' lang='lat' dir='ltr'>tibi</span> <span class='ocrx_word' id='word_1_22' title='bbox 538 678 628 735; x_wconf 80' lang='lat' dir='ltr'>factos</span> <span class='ocrx_word' id='word_1_23' title='bbox 642 676 748 733; x_wconf 83' lang='lat' dir='ltr'>ducere</span> <span class='ocrx_word' id='word_1_24' title='bbox 781 674 880 732; x_wconf 90' lang='lat' dir='ltr'>lenum</span> 
     </span>
     <span class='ocr_line' id='line_1_5' title="bbox 200 750 1054 831; baseline -0.014 -12"><span class='ocrx_word' id='word_1_25' title='bbox 200 760 337 831; x_wconf 78' lang='lat' dir='ltr'>Latitiae;</span> <span class='ocrx_word' id='word_1_26' title='bbox 358 758 492 817; x_wconf 86' lang='lat' dir='ltr'>clamabit</span> <span class='ocrx_word' id='word_1_27' title='bbox 506 757 595 829; x_wconf 88' lang='lat' dir='ltr'>enim,</span> <span class='ocrx_word' id='word_1_28' title='bbox 616 760 634 787; x_wconf 79' lang='lat'>‘⁸</span> <span class='ocrx_word' id='word_1_29' title='bbox 650 754 792 813; x_wconf 78' lang='lat' dir='ltr'>Pulchre!</span> <span class='ocrx_word' id='word_1_30' title='bbox 813 754 904 813; x_wconf 88' lang='lat' dir='ltr'>benel</span> <span class='ocrx_word' id='word_1_31' title='bbox 926 750 1054 813; x_wconf 64' lang='grc' dir='ltr'>καὶέν·</span> 
     </span>
     <span class='ocr_line' id='line_1_6' title="bbox 201 832 869 915; baseline -0.012 -16"><span class='ocrx_word' id='word_1_32' title='bbox 201 840 342 899; x_wconf 81' lang='lat' dir='ltr'>Pallesoet</span> <span class='ocrx_word' id='word_1_33' title='bbox 354 857 439 915; x_wconf 91' lang='lat' dir='ltr'>super</span> <span class='ocrx_word' id='word_1_34' title='bbox 454 837 514 907; x_wconf 88' lang='lat' dir='ltr'>his;</span> <span class='ocrx_word' id='word_1_35' title='bbox 536 836 623 895; x_wconf 88' lang='lat' dir='ltr'>etiam</span> <span class='ocrx_word' id='word_1_36' title='bbox 637 832 755 893; x_wconf 78' lang='lat' dir='ltr'>stillabit</span> <span class='ocrx_word' id='word_1_37' title='bbox 767 832 869 891; x_wconf 81' lang='lat' dir='ltr'>amicis</span> 
     </span>
     <span class='ocr_line' id='line_1_7' title="bbox 201 914 912 990; baseline -0.011 -12"><span class='ocrx_word' id='word_1_38' title='bbox 201 920 246 978; x_wconf 87' lang='lat' dir='ltr'>Ex</span> <span class='ocrx_word' id='word_1_39' title='bbox 258 918 351 978; x_wconf 89' lang='lat' dir='ltr'>oculis</span> <span class='ocrx_word' id='word_1_40' title='bbox 364 936 472 988; x_wconf 89' lang='lat' dir='ltr'>rorem;</span> <span class='ocrx_word' id='word_1_41' title='bbox 494 915 585 988; x_wconf 87' lang='lat' dir='ltr'>saliet,</span> <span class='ocrx_word' id='word_1_42' title='bbox 598 915 701 972; x_wconf 90' lang='lat' dir='ltr'>tundet</span> <span class='ocrx_word' id='word_1_43' title='bbox 712 914 786 990; x_wconf 87' lang='lat' dir='ltr'>pede</span> <span class='ocrx_word' id='word_1_44' title='bbox 799 923 912 971; x_wconf 85' lang='lat' dir='ltr'>terram.</span> 
     </span>
     <span class='ocr_line' id='line_1_8' title="bbox 200 992 870 1074; baseline -0.013 -16"><span class='ocrx_word' id='word_1_45' title='bbox 200 998 249 1072; x_wconf 89' lang='lat' dir='ltr'>Ut,</span> <span class='ocrx_word' id='word_1_46' title='bbox 263 998 312 1074; x_wconf 93' lang='lat' dir='ltr'>qui</span> <span class='ocrx_word' id='word_1_47' title='bbox 326 996 462 1057; x_wconf 82' lang='lat' dir='ltr'>conducti</span> <span class='ocrx_word' id='word_1_48' title='bbox 475 996 587 1071; x_wconf 80' lang='lat' dir='ltr'><strong>plorant</strong></span> <span class='ocrx_word' id='word_1_49' title='bbox 600 995 630 1053; x_wconf 91' lang='lat' dir='ltr'>in</span> <span class='ocrx_word' id='word_1_50' title='bbox 645 994 755 1066; x_wconf 85' lang='lat' dir='ltr'>funere,</span> <span class='ocrx_word' id='word_1_51' title='bbox 769 992 870 1050; x_wconf 88' lang='lat' dir='ltr'>dicunt</span> 
     </span>
     <span class='ocr_line' id='line_1_9' title="bbox 201 1072 975 1152; baseline -0.009 -15"><span class='ocrx_word' id='word_1_52' title='bbox 201 1078 240 1137; x_wconf 83' lang='lat' dir='ltr'>Et</span> <span class='ocrx_word' id='word_1_53' title='bbox 254 1078 363 1135; x_wconf 83' lang='lat' dir='ltr'>faciunt</span> <span class='ocrx_word' id='word_1_54' title='bbox 376 1073 463 1152; x_wconf 75' lang='lat' dir='ltr'>prope</span> <span class='ocrx_word' id='word_1_55' title='bbox 478 1075 559 1150; x_wconf 85' lang='lat' dir='ltr'>plurs</span> <span class='ocrx_word' id='word_1_56' title='bbox 573 1074 735 1131; x_wconf 86' lang='lat' dir='ltr'>dolentibus</span> <span class='ocrx_word' id='word_1_57' title='bbox 747 1090 785 1130; x_wconf 90' lang='lat' dir='ltr'>ex</span> <span class='ocrx_word' id='word_1_58' title='bbox 798 1072 894 1131; x_wconf 91' lang='lat' dir='ltr'>animo</span> <span class='ocrx_word' id='word_1_59' title='bbox 902 1092 910 1145; x_wconf 90' lang='lat'>;</span> <span class='ocrx_word' id='word_1_60' title='bbox 932 1072 975 1131; x_wconf 89' lang='lat' dir='ltr'>sic</span> 
     </span>
     <span class='ocr_line' id='line_1_10' title="bbox 201 1152 787 1232; baseline -0.014 -15"><span class='ocrx_word' id='word_1_61' title='bbox 201 1158 318 1217; x_wconf 78' lang='lat' dir='ltr'>Derisor</span> <span class='ocrx_word' id='word_1_62' title='bbox 331 1174 397 1215; x_wconf 86' lang='lat' dir='ltr'>vero</span> <span class='ocrx_word' id='word_1_63' title='bbox 409 1152 475 1232; x_wconf 80' lang='lat' dir='ltr'>plrls</span> <span class='ocrx_word' id='word_1_64' title='bbox 489 1154 635 1211; x_wconf 78' lang='lat' dir='ltr'>laudatore</span> <span class='ocrx_word' id='word_1_65' title='bbox 649 1162 787 1211; x_wconf 86' lang='lat' dir='ltr'>movetur.</span> 
     </span>
     <span class='ocr_line' id='line_1_11' title="bbox 201 1231 809 1313; baseline -0.016 -16"><span class='ocrx_word' id='word_1_66' title='bbox 201 1238 301 1313; x_wconf 84' lang='lat' dir='ltr'>Reges</span> <span class='ocrx_word' id='word_1_67' title='bbox 314 1235 449 1311; x_wconf 68' lang='lat' dir='ltr'>dicunqir</span> <span class='ocrx_word' id='word_1_68' title='bbox 462 1232 559 1291; x_wconf 90' lang='lat' dir='ltr'>multis</span> <span class='ocrx_word' id='word_1_69' title='bbox 572 1251 675 1309; x_wconf 87' lang='lat' dir='ltr'>urgere</span> <span class='ocrx_word' id='word_1_70' title='bbox 686 1231 809 1303; x_wconf 90' lang='lat' dir='ltr'>culullis,</span> 
     </span>
     <span class='ocr_line' id='line_1_12' title="bbox 201 1310 925 1391; baseline -0.007 -15"><span class='ocrx_word' id='word_1_71' title='bbox 201 1316 240 1376; x_wconf 87' lang='lat' dir='ltr'>Et</span> <span class='ocrx_word' id='word_1_72' title='bbox 253 1328 383 1391; x_wconf 89' lang='lat' dir='ltr'>torquere</span> <span class='ocrx_word' id='word_1_73' title='bbox 397 1332 485 1384; x_wconf 87' lang='lat' dir='ltr'>mero,</span> <span class='ocrx_word' id='word_1_74' title='bbox 498 1330 583 1389; x_wconf 91' lang='lat' dir='ltr'>quem</span> <span class='ocrx_word' id='word_1_75' title='bbox 596 1311 774 1388; x_wconf 84' lang='lat' dir='ltr'>perspexisse</span> <span class='ocrx_word' id='word_1_76' title='bbox 785 1310 925 1385; x_wconf 90' lang='lat' dir='ltr'>laborent,</span> 
     </span>
     <span class='ocr_line' id='line_1_13' title="bbox 202 1391 894 1468; baseline -0.009 -13"><span class='ocrx_word' id='word_1_77' title='bbox 202 1398 252 1455; x_wconf 82' lang='lat' dir='ltr'>An</span> <span class='ocrx_word' id='word_1_78' title='bbox 263 1396 300 1453; x_wconf 86' lang='lat' dir='ltr'>sit</span> <span class='ocrx_word' id='word_1_79' title='bbox 313 1393 440 1452; x_wconf 71' lang='lat' dir='ltr'>amicitit</span> <span class='ocrx_word' id='word_1_80' title='bbox 453 1393 575 1468; x_wconf 88' lang='lat' dir='ltr'>dignus:</span> <span class='ocrx_word' id='word_1_81' title='bbox 597 1392 621 1449; x_wconf 88' lang='lat' dir='ltr'>si</span> <span class='ocrx_word' id='word_1_82' title='bbox 635 1391 764 1449; x_wconf 81' lang='lat' dir='ltr'>carmina</span> <span class='ocrx_word' id='word_1_83' title='bbox 777 1392 894 1465; x_wconf 87' lang='lat' dir='ltr'>condes,</span> 
     </span>
     <span class='ocr_line' id='line_1_14' title="bbox 202 1470 928 1552; baseline -0.007 -17"><span class='ocrx_word' id='word_1_84' title='bbox 202 1475 363 1552; x_wconf 88' lang='lat' dir='ltr'>Nunquam</span> <span class='ocrx_word' id='word_1_85' title='bbox 377 1484 405 1531; x_wconf 88' lang='lat' dir='ltr'>te</span> <span class='ocrx_word' id='word_1_86' title='bbox 420 1472 517 1531; x_wconf 82' lang='lat' dir='ltr'>fallant</span> <span class='ocrx_word' id='word_1_87' title='bbox 528 1471 616 1530; x_wconf 80' lang='lat' dir='ltr'>animi</span> <span class='ocrx_word' id='word_1_88' title='bbox 630 1471 684 1529; x_wconf 90' lang='lat' dir='ltr'>sub</span> <span class='ocrx_word' id='word_1_89' title='bbox 699 1471 783 1546; x_wconf 86' lang='lat' dir='ltr'>vulpe</span> <span class='ocrx_word' id='word_1_90' title='bbox 797 1470 928 1530; x_wconf 88' lang='lat' dir='ltr'>latentes.</span> 
     </span>
     <span class='ocr_line' id='line_1_15' title="bbox 241 1550 961 1628; baseline -0.004 -15"><span class='ocrx_word' id='word_1_91' title='bbox 241 1554 404 1620; x_wconf 79' lang='lat' dir='ltr'>Quinctilio</span> <span class='ocrx_word' id='word_1_92' title='bbox 417 1553 441 1611; x_wconf 88' lang='lat' dir='ltr'>si</span> <span class='ocrx_word' id='word_1_93' title='bbox 454 1551 522 1628; x_wconf 93' lang='lat' dir='ltr'>quid</span> <span class='ocrx_word' id='word_1_94' title='bbox 535 1552 679 1623; x_wconf 82' lang='lat' dir='ltr'>recitares,</span> <span class='ocrx_word' id='word_1_95' title='bbox 694 1555 712 1581; x_wconf 90' lang='lat'>“</span> <span class='ocrx_word' id='word_1_96' title='bbox 724 1550 853 1627; x_wconf 85' lang='lat' dir='ltr'>Corrige,</span> <span class='ocrx_word' id='word_1_97' title='bbox 867 1552 961 1626; x_wconf 88' lang='lat' dir='ltr'>sodes,</span> 
     </span>
     <span class='ocr_line' id='line_1_16' title="bbox 204 1628 1016 1709; baseline -0.007 -14"><span class='ocrx_word' id='word_1_98' title='bbox 204 1636 299 1708; x_wconf 87' lang='lat' dir='ltr'>Hoo,’&#39;</span> <span class='ocrx_word' id='word_1_99' title='bbox 315 1634 418 1707; x_wconf 82' lang='lat' dir='ltr'>aiebat,</span> <span class='ocrx_word' id='word_1_100' title='bbox 434 1637 452 1663; x_wconf 79' lang='lat'>‘⁴</span> <span class='ocrx_word' id='word_1_101' title='bbox 467 1642 496 1689; x_wconf 88' lang='lat' dir='ltr'>et</span> <span class='ocrx_word' id='word_1_102' title='bbox 510 1632 594 1689; x_wconf 85' lang='lat' dir='ltr'>hoc.”</span> <span class='ocrx_word' id='word_1_103' title='bbox 636 1628 743 1689; x_wconf 74' lang='lat' dir='ltr'>Melius</span> <span class='ocrx_word' id='word_1_104' title='bbox 755 1644 784 1687; x_wconf 91' lang='lat' dir='ltr'>te</span> <span class='ocrx_word' id='word_1_105' title='bbox 798 1649 881 1706; x_wconf 90' lang='lat' dir='ltr'>posse</span> <span class='ocrx_word' id='word_1_106' title='bbox 895 1650 1016 1709; x_wconf 84' lang='lat' dir='ltr'>negares</span> 
     </span>
     <span class='ocr_line' id='line_1_17' title="bbox 203 1708 922 1789; baseline -0.006 -17"><span class='ocrx_word' id='word_1_107' title='bbox 203 1714 254 1773; x_wconf 91' lang='lat' dir='ltr'>Bis</span> <span class='ocrx_word' id='word_1_108' title='bbox 267 1726 366 1789; x_wconf 88' lang='lat' dir='ltr'>terque</span> <span class='ocrx_word' id='word_1_109' title='bbox 380 1722 528 1789; x_wconf 87' lang='lat' dir='ltr'>expertum</span> <span class='ocrx_word' id='word_1_110' title='bbox 542 1708 665 1780; x_wconf 74' lang='lat' dir='ltr'>frustrd3</span> <span class='ocrx_word' id='word_1_111' title='bbox 687 1709 783 1767; x_wconf 87' lang='lat' dir='ltr'>delere</span> <span class='ocrx_word' id='word_1_112' title='bbox 793 1710 922 1785; x_wconf 87' lang='lat' dir='ltr'>jubebat,</span> 
     </span>
     <span class='ocr_line' id='line_1_18' title="bbox 203 1790 834 1851; baseline -0.008 0"><span class='ocrx_word' id='word_1_113' title='bbox 203 1793 242 1851; x_wconf 87' lang='lat' dir='ltr'>Et</span> <span class='ocrx_word' id='word_1_114' title='bbox 255 1790 329 1851; x_wconf 71' lang='lat' dir='ltr'>malti</span> <span class='ocrx_word' id='word_1_115' title='bbox 344 1804 470 1851; x_wconf 82' lang='lat' dir='ltr'>tornatos</span> <span class='ocrx_word' id='word_1_116' title='bbox 484 1790 582 1849; x_wconf 85' lang='lat' dir='ltr'>incudi</span> <span class='ocrx_word' id='word_1_117' title='bbox 595 1790 716 1847; x_wconf 90' lang='lat' dir='ltr'>reddere</span> <span class='ocrx_word' id='word_1_118' title='bbox 729 1808 834 1846; x_wconf 89' lang='lat' dir='ltr'>versus.</span> 
     </span>
     <span class='ocr_line' id='line_1_19' title="bbox 204 1867 921 1944; baseline -0.004 -14"><span class='ocrx_word' id='word_1_119' title='bbox 204 1874 236 1931; x_wconf 87' lang='lat' dir='ltr'>Si</span> <span class='ocrx_word' id='word_1_120' title='bbox 250 1872 404 1930; x_wconf 81' lang='lat' dir='ltr'>defendere</span> <span class='ocrx_word' id='word_1_121' title='bbox 418 1870 565 1941; x_wconf 87' lang='lat' dir='ltr'>delictum,</span> <span class='ocrx_word' id='word_1_122' title='bbox 578 1867 666 1944; x_wconf 75' lang='lat' dir='ltr'>qudm</span> <span class='ocrx_word' id='word_1_123' title='bbox 680 1878 798 1941; x_wconf 84' lang='lat' dir='ltr'>vertere,</span> <span class='ocrx_word' id='word_1_124' title='bbox 813 1868 921 1942; x_wconf 87' lang='lat' dir='ltr'>malles,</span> 
     </span>
     <span class='ocr_line' id='line_1_20' title="bbox 203 1947 1027 2025; baseline -0.001 -16"><span class='ocrx_word' id='word_1_125' title='bbox 203 1950 324 2009; x_wconf 91' lang='lat' dir='ltr'>Nullum</span> <span class='ocrx_word' id='word_1_126' title='bbox 339 1947 414 2007; x_wconf 85' lang='lat' dir='ltr'>ultrd</span> <span class='ocrx_word' id='word_1_127' title='bbox 428 1949 554 2021; x_wconf 85' lang='lat' dir='ltr'>verbum,</span> <span class='ocrx_word' id='word_1_128' title='bbox 570 1958 619 2005; x_wconf 90' lang='lat' dir='ltr'>aut</span> <span class='ocrx_word' id='word_1_129' title='bbox 629 1968 745 2025; x_wconf 89' lang='lat' dir='ltr'>operam</span> <span class='ocrx_word' id='word_1_130' title='bbox 758 1949 888 2008; x_wconf 84' lang='lat' dir='ltr'>sumebat</span> <span class='ocrx_word' id='word_1_131' title='bbox 900 1950 1027 2024; x_wconf 84' lang='lat' dir='ltr'>inanem,</span> 
     </span>
     <span class='ocr_line' id='line_1_21' title="bbox 202 2028 881 2103; baseline -0.009 -12"><span class='ocrx_word' id='word_1_132' title='bbox 202 2030 285 2092; x_wconf 79' lang='lat' dir='ltr'>Quin</span> <span class='ocrx_word' id='word_1_133' title='bbox 299 2030 361 2087; x_wconf 89' lang='lat' dir='ltr'>sine</span> <span class='ocrx_word' id='word_1_134' title='bbox 375 2028 456 2086; x_wconf 88' lang='lat' dir='ltr'>rivali</span> <span class='ocrx_word' id='word_1_135' title='bbox 470 2038 553 2103; x_wconf 85' lang='lat' dir='ltr'>teque</span> <span class='ocrx_word' id='word_1_136' title='bbox 566 2038 596 2087; x_wconf 90' lang='lat' dir='ltr'>et</span> <span class='ocrx_word' id='word_1_137' title='bbox 608 2037 659 2086; x_wconf 89' lang='lat' dir='ltr'>tua</span> <span class='ocrx_word' id='word_1_138' title='bbox 671 2029 749 2086; x_wconf 89' lang='lat' dir='ltr'>solus</span> <span class='ocrx_word' id='word_1_139' title='bbox 762 2046 881 2086; x_wconf 84' lang='lat' dir='ltr'>amares.</span> 
     </span>
     <span class='ocr_line' id='line_1_22' title="bbox 204 2108 982 2184; baseline -0.001 -16"><span class='ocrx_word' id='word_1_140' title='bbox 204 2110 257 2168; x_wconf 90' lang='lat' dir='ltr'>Vir</span> <span class='ocrx_word' id='word_1_141' title='bbox 270 2109 362 2167; x_wconf 92' lang='lat' dir='ltr'>bonus</span> <span class='ocrx_word' id='word_1_142' title='bbox 376 2119 404 2167; x_wconf 90' lang='lat' dir='ltr'>et</span> <span class='ocrx_word' id='word_1_143' title='bbox 417 2108 543 2184; x_wconf 88' lang='lat' dir='ltr'>prudens</span> <span class='ocrx_word' id='word_1_144' title='bbox 556 2126 654 2165; x_wconf 83' lang='lat' dir='ltr'>versus</span> <span class='ocrx_word' id='word_1_145' title='bbox 665 2109 854 2184; x_wconf 87' lang='lat' dir='ltr'>reprehendet</span> <span class='ocrx_word' id='word_1_146' title='bbox 867 2109 982 2183; x_wconf 88' lang='lat' dir='ltr'>inertes,</span> 
     </span>
     <span class='ocr_line' id='line_1_23' title="bbox 204 2187 831 2267; baseline -0.006 -19"><span class='ocrx_word' id='word_1_147' title='bbox 204 2189 339 2267; x_wconf 86' lang='lat' dir='ltr'>Culpabit</span> <span class='ocrx_word' id='word_1_148' title='bbox 352 2187 447 2261; x_wconf 90' lang='lat' dir='ltr'>duros,</span> <span class='ocrx_word' id='word_1_149' title='bbox 461 2187 613 2265; x_wconf 86' lang='lat' dir='ltr'>incomptis</span> <span class='ocrx_word' id='word_1_150' title='bbox 627 2188 725 2246; x_wconf 83' lang='lat' dir='ltr'>sllinet</span> <span class='ocrx_word' id='word_1_151' title='bbox 738 2199 831 2246; x_wconf 88' lang='lat' dir='ltr'>atrum</span> 
     </span>
     <span class='ocr_line' id='line_1_24' title="bbox 204 2266 930 2344; baseline 0.001 -18"><span class='ocrx_word' id='word_1_152' title='bbox 204 2267 381 2329; x_wconf 87' lang='lat' dir='ltr'>Transverso</span> <span class='ocrx_word' id='word_1_153' title='bbox 394 2268 506 2326; x_wconf 83' lang='lat' dir='ltr'>calamo</span> <span class='ocrx_word' id='word_1_154' title='bbox 519 2267 643 2344; x_wconf 87' lang='lat' dir='ltr'>signum,</span> <span class='ocrx_word' id='word_1_155' title='bbox 657 2267 807 2326; x_wconf 89' lang='lat' dir='ltr'>ambitiosa</span> <span class='ocrx_word' id='word_1_156' title='bbox 819 2266 930 2327; x_wconf 86' lang='lat' dir='ltr'>recidet</span> 
     </span>
     <span class='ocr_line' id='line_1_25' title="bbox 203 2347 900 2425; baseline -0.003 -17"><span class='ocrx_word' id='word_1_157' title='bbox 203 2348 392 2420; x_wconf 79' lang='lat' dir='ltr'>ornamenta,</span> <span class='ocrx_word' id='word_1_158' title='bbox 402 2366 502 2425; x_wconf 91' lang='lat' dir='ltr'>parum</span> <span class='ocrx_word' id='word_1_159' title='bbox 517 2347 602 2406; x_wconf 86' lang='lat' dir='ltr'>claris</span> <span class='ocrx_word' id='word_1_160' title='bbox 614 2347 710 2405; x_wconf 88' lang='lat' dir='ltr'>lucem</span> <span class='ocrx_word' id='word_1_161' title='bbox 724 2349 793 2405; x_wconf 84' lang='lat' dir='ltr'>dare</span> <span class='ocrx_word' id='word_1_162' title='bbox 806 2358 900 2424; x_wconf 89' lang='lat' dir='ltr'>coget,</span> 
     </span>
     <span class='ocr_line' id='line_1_26' title="bbox 204 2425 892 2506; baseline -0.003 -19"><span class='ocrx_word' id='word_1_163' title='bbox 204 2430 317 2506; x_wconf 83' lang='lat' dir='ltr'>Arguet</span> <span class='ocrx_word' id='word_1_164' title='bbox 330 2425 464 2505; x_wconf 75' lang='lat' dir='ltr'>ambigue</span> <span class='ocrx_word' id='word_1_165' title='bbox 480 2428 599 2500; x_wconf 85' lang='lat' dir='ltr'>dictum,</span> <span class='ocrx_word' id='word_1_166' title='bbox 613 2428 751 2485; x_wconf 90' lang='lat' dir='ltr'>mutanda</span> <span class='ocrx_word' id='word_1_167' title='bbox 764 2428 892 2485; x_wconf 92' lang='lat' dir='ltr'>notabit:</span> 
     </span>
     <span class='ocr_line' id='line_1_27' title="bbox 204 2506 983 2583; baseline -0.003 -16"><span class='ocrx_word' id='word_1_168' title='bbox 204 2508 270 2567; x_wconf 83' lang='lat' dir='ltr'>Fiet</span> <span class='ocrx_word' id='word_1_169' title='bbox 282 2508 484 2576; x_wconf 64' lang='lat' dir='ltr'>Aristarchum</span> <span class='ocrx_word' id='word_1_170' title='bbox 507 2525 565 2564; x_wconf 89' lang='lat' dir='ltr'>non</span> <span class='ocrx_word' id='word_1_171' title='bbox 579 2507 666 2579; x_wconf 90' lang='lat' dir='ltr'>dicet,</span> <span class='ocrx_word' id='word_1_172' title='bbox 687 2511 705 2538; x_wconf 78' lang='lat'>‘⁶</span> <span class='ocrx_word' id='word_1_173' title='bbox 721 2506 782 2564; x_wconf 85' lang='lat' dir='ltr'>Cur</span> <span class='ocrx_word' id='word_1_174' title='bbox 792 2526 847 2583; x_wconf 90' lang='lat' dir='ltr'>ego</span> <span class='ocrx_word' id='word_1_175' title='bbox 857 2506 983 2565; x_wconf 90' lang='lat' dir='ltr'>amioum</span> 
     </span>
     <span class='ocr_line' id='line_1_28' title="bbox 204 2586 946 2663; baseline 0 -18"><span class='ocrx_word' id='word_1_176' title='bbox 204 2587 358 2646; x_wconf 81' lang='lat' dir='ltr'>Offendsm</span> <span class='ocrx_word' id='word_1_177' title='bbox 373 2587 402 2644; x_wconf 89' lang='lat' dir='ltr'>in</span> <span class='ocrx_word' id='word_1_178' title='bbox 418 2586 502 2663; x_wconf 90' lang='lat' dir='ltr'>nugis</span> <span class='ocrx_word' id='word_1_179' title='bbox 513 2586 549 2643; x_wconf 82' lang='lat' dir='ltr'>l”</span> <span class='ocrx_word' id='word_1_180' title='bbox 585 2586 641 2644; x_wconf 85' lang='lat' dir='ltr'>Hae</span> <span class='ocrx_word' id='word_1_181' title='bbox 651 2604 737 2663; x_wconf 81' lang='lat' dir='ltr'>nugae</span> <span class='ocrx_word' id='word_1_182' title='bbox 751 2586 825 2644; x_wconf 90' lang='lat' dir='ltr'>seria</span> <span class='ocrx_word' id='word_1_183' title='bbox 838 2586 946 2645; x_wconf 88' lang='lat' dir='ltr'>ducent</span> 
     </span>
     <span class='ocr_line' id='line_1_29' title="bbox 204 2663 922 2743; baseline -0.003 -18"><span class='ocrx_word' id='word_1_184' title='bbox 204 2665 241 2725; x_wconf 90' lang='lat' dir='ltr'>In</span> <span class='ocrx_word' id='word_1_185' title='bbox 254 2666 330 2723; x_wconf 80' lang='lat' dir='ltr'>mula</span> <span class='ocrx_word' id='word_1_186' title='bbox 342 2665 468 2723; x_wconf 86' lang='lat' dir='ltr'>derisum</span> <span class='ocrx_word' id='word_1_187' title='bbox 481 2664 568 2722; x_wconf 89' lang='lat' dir='ltr'>semel</span> <span class='ocrx_word' id='word_1_188' title='bbox 579 2676 786 2743; x_wconf 79' lang='lat' dir='ltr'>exceptumque</span> <span class='ocrx_word' id='word_1_189' title='bbox 798 2663 922 2723; x_wconf 71' lang='lat' dir='ltr'>sinistre.</span> 
     </span>
     <span class='ocr_line' id='line_1_30' title="bbox 244 2744 1001 2825; baseline 0 -20"><span class='ocrx_word' id='word_1_190' title='bbox 244 2744 284 2805; x_wconf 92' lang='lat' dir='ltr'>Ut</span> <span class='ocrx_word' id='word_1_191' title='bbox 297 2744 372 2803; x_wconf 86' lang='lat' dir='ltr'>mala</span> <span class='ocrx_word' id='word_1_192' title='bbox 384 2763 469 2821; x_wconf 90' lang='lat' dir='ltr'>quern</span> <span class='ocrx_word' id='word_1_193' title='bbox 482 2744 593 2803; x_wconf 86' lang='lat' dir='ltr'>scabies</span> <span class='ocrx_word' id='word_1_194' title='bbox 607 2756 658 2803; x_wconf 92' lang='lat' dir='ltr'>aut</span> <span class='ocrx_word' id='word_1_195' title='bbox 670 2746 786 2804; x_wconf 88' lang='lat' dir='ltr'>morbus</span> <span class='ocrx_word' id='word_1_196' title='bbox 799 2745 895 2822; x_wconf 88' lang='lat' dir='ltr'>regius</span> <span class='ocrx_word' id='word_1_197' title='bbox 908 2756 1001 2825; x_wconf 88' lang='lat' dir='ltr'>urget,</span> 
     </span>
     <span class='ocr_line' id='line_1_31' title="bbox 204 2823 844 2896; baseline 0 -13"><span class='ocrx_word' id='word_1_198' title='bbox 204 2825 267 2884; x_wconf 84' lang='lat' dir='ltr'>Aut</span> <span class='ocrx_word' id='word_1_199' title='bbox 280 2824 421 2882; x_wconf 84' lang='lat' dir='ltr'>fanaticus</span> <span class='ocrx_word' id='word_1_200' title='bbox 434 2842 521 2896; x_wconf 85' lang='lat' dir='ltr'>error,</span> <span class='ocrx_word' id='word_1_201' title='bbox 535 2834 565 2881; x_wconf 89' lang='lat' dir='ltr'>et</span> <span class='ocrx_word' id='word_1_202' title='bbox 578 2824 717 2882; x_wconf 83' lang='lat' dir='ltr'>iracundo</span> <span class='ocrx_word' id='word_1_203' title='bbox 730 2823 844 2894; x_wconf 87' lang='lat' dir='ltr'>Diana;</span> 
     </span>
     <span class='ocr_line' id='line_1_32' title="bbox 204 2902 926 2982; baseline 0.001 -20"><span class='ocrx_word' id='word_1_204' title='bbox 204 2905 351 2962; x_wconf 81' lang='lat' dir='ltr'>Vessnum</span> <span class='ocrx_word' id='word_1_205' title='bbox 366 2902 492 2979; x_wconf 84' lang='lat' dir='ltr'>tetigisse</span> <span class='ocrx_word' id='word_1_206' title='bbox 505 2902 608 2962; x_wconf 89' lang='lat' dir='ltr'>timent</span> <span class='ocrx_word' id='word_1_207' title='bbox 621 2904 789 2981; x_wconf 69' lang='lat' dir='ltr'>fugiuntque</span> <span class='ocrx_word' id='word_1_208' title='bbox 801 2908 926 2982; x_wconf 70' lang='lat' dir='ltr'>poetam,</span> 
     </span>
     <span class='ocr_line' id='line_1_33' title="bbox 204 2982 1001 3062; baseline 0.006 -23"><span class='ocrx_word' id='word_1_209' title='bbox 204 2983 267 3045; x_wconf 78' lang='lat' dir='ltr'>Qui</span> <span class='ocrx_word' id='word_1_210' title='bbox 281 2983 395 3059; x_wconf 87' lang='lat' dir='ltr'>sapiunt</span> <span class='ocrx_word' id='word_1_211' title='bbox 403 3002 410 3051; x_wconf 94' lang='lat'>;</span> <span class='ocrx_word' id='word_1_212' title='bbox 432 2982 541 3058; x_wconf 85' lang='lat' dir='ltr'>agitant</span> <span class='ocrx_word' id='word_1_213' title='bbox 553 2984 644 3059; x_wconf 88' lang='lat' dir='ltr'>pueri,</span> <span class='ocrx_word' id='word_1_214' title='bbox 660 2984 825 3060; x_wconf 86' lang='lat' dir='ltr'>incautique</span> <span class='ocrx_word' id='word_1_215' title='bbox 835 2996 1001 3062; x_wconf 88' lang='lat' dir='ltr'>sequuntur.</span> 
     </span>
     <span class='ocr_line' id='line_1_34' title="bbox 205 3061 910 3140; baseline 0.003 -19"><span class='ocrx_word' id='word_1_216' title='bbox 205 3062 275 3135; x_wconf 88' lang='lat' dir='ltr'>Hic,</span> <span class='ocrx_word' id='word_1_217' title='bbox 286 3063 356 3119; x_wconf 90' lang='lat' dir='ltr'>dum</span> <span class='ocrx_word' id='word_1_218' title='bbox 369 3061 506 3119; x_wconf 89' lang='lat' dir='ltr'>sublimes</span> <span class='ocrx_word' id='word_1_219' title='bbox 520 3080 617 3120; x_wconf 87' lang='lat' dir='ltr'>versus</span> <span class='ocrx_word' id='word_1_220' title='bbox 630 3073 767 3137; x_wconf 84' lang='lat' dir='ltr'>ructetur,</span> <span class='ocrx_word' id='word_1_221' title='bbox 782 3074 812 3123; x_wconf 88' lang='lat' dir='ltr'>et</span> <span class='ocrx_word' id='word_1_222' title='bbox 825 3076 910 3140; x_wconf 80' lang='lat' dir='ltr'>erret,</span> 
     </span>
     <span class='ocr_line' id='line_1_35' title="bbox 205 3140 846 3219; baseline -0.003 -16"><span class='ocrx_word' id='word_1_223' title='bbox 205 3142 238 3203; x_wconf 77' lang='lat' dir='ltr'>Si</span> <span class='ocrx_word' id='word_1_224' title='bbox 251 3140 337 3201; x_wconf 84' lang='lat' dir='ltr'>veluti</span> <span class='ocrx_word' id='word_1_225' title='bbox 351 3141 467 3201; x_wconf 87' lang='lat' dir='ltr'>merulis</span> <span class='ocrx_word' id='word_1_226' title='bbox 480 3142 607 3201; x_wconf 87' lang='lat' dir='ltr'>intentus</span> <span class='ocrx_word' id='word_1_227' title='bbox 617 3143 726 3201; x_wconf 84' lang='lat' dir='ltr'>decidit</span> <span class='ocrx_word' id='word_1_228' title='bbox 739 3163 846 3219; x_wconf 85' lang='lat' dir='ltr'>auceps</span> 
     </span>
     <span class='ocr_line' id='line_1_36' title="bbox 206 3220 1016 3301; baseline 0.002 -20"><span class='ocrx_word' id='word_1_229' title='bbox 206 3220 242 3281; x_wconf 93' lang='lat' dir='ltr'>In</span> <span class='ocrx_word' id='word_1_230' title='bbox 256 3232 374 3300; x_wconf 90' lang='lat' dir='ltr'>puteum</span> <span class='ocrx_word' id='word_1_231' title='bbox 388 3221 542 3296; x_wconf 85' lang='lat' dir='ltr'>loveamve,</span> <span class='ocrx_word' id='word_1_232' title='bbox 557 3220 637 3296; x_wconf 75' lang='lat' dir='ltr'>licet,</span> <span class='ocrx_word' id='word_1_233' title='bbox 651 3228 671 3254; x_wconf 91' lang='lat'>“</span> <span class='ocrx_word' id='word_1_234' title='bbox 686 3224 882 3297; x_wconf 83' lang='lat' dir='ltr'>Succurrite‚”</span> <span class='ocrx_word' id='word_1_235' title='bbox 897 3223 1016 3301; x_wconf 85' lang='lat' dir='ltr'>longum</span> 
     </span>
     <span class='ocr_line' id='line_1_37' title="bbox 205 3300 955 3380; baseline 0.004 -21"><span class='ocrx_word' id='word_1_236' title='bbox 205 3301 329 3376; x_wconf 86' lang='lat' dir='ltr'>Clamet,</span> <span class='ocrx_word' id='word_1_237' title='bbox 343 3306 362 3333; x_wconf 91' lang='grc'>“</span> <span class='ocrx_word' id='word_1_238' title='bbox 377 3300 411 3360; x_wconf 89' lang='lat' dir='ltr'>lo</span> <span class='ocrx_word' id='word_1_239' title='bbox 424 3302 502 3361; x_wconf 85' lang='lat' dir='ltr'>cives</span> <span class='ocrx_word' id='word_1_240' title='bbox 511 3304 518 3360; x_wconf 89' lang='lat' dir='ltr'>l</span> <span class='ocrx_word' id='word_1_241' title='bbox 528 3302 545 3330; x_wconf 88' lang='lat'>&#39;’</span> <span class='ocrx_word' id='word_1_242' title='bbox 567 3322 625 3361; x_wconf 89' lang='lat' dir='ltr'>non</span> <span class='ocrx_word' id='word_1_243' title='bbox 639 3303 677 3362; x_wconf 90' lang='lat' dir='ltr'>sit</span> <span class='ocrx_word' id='word_1_244' title='bbox 690 3303 738 3380; x_wconf 92' lang='lat' dir='ltr'>qui</span> <span class='ocrx_word' id='word_1_245' title='bbox 752 3303 851 3361; x_wconf 84' lang='lat' dir='ltr'>tollere</span> <span class='ocrx_word' id='word_1_246' title='bbox 864 3315 955 3362; x_wconf 86' lang='lat' dir='ltr'>curet</span> 
     </span>
     <span class='ocr_line' id='line_1_38' title="bbox 207 3381 924 3457; baseline 0.001 -17"><span class='ocrx_word' id='word_1_247' title='bbox 207 3382 239 3441; x_wconf 84' lang='lat' dir='ltr'>si</span> <span class='ocrx_word' id='word_1_248' title='bbox 253 3392 335 3439; x_wconf 90' lang='lat' dir='ltr'>curet</span> <span class='ocrx_word' id='word_1_249' title='bbox 347 3381 411 3457; x_wconf 91' lang='lat' dir='ltr'>quis</span> <span class='ocrx_word' id='word_1_250' title='bbox 423 3400 507 3457; x_wconf 89' lang='lat' dir='ltr'>opem</span> <span class='ocrx_word' id='word_1_251' title='bbox 522 3382 595 3441; x_wconf 87' lang='lat' dir='ltr'>ferre</span> <span class='ocrx_word' id='word_1_252' title='bbox 609 3393 638 3440; x_wconf 92' lang='lat' dir='ltr'>et</span> <span class='ocrx_word' id='word_1_253' title='bbox 651 3383 801 3441; x_wconf 86' lang='lat' dir='ltr'>demittere</span> <span class='ocrx_word' id='word_1_254' title='bbox 816 3384 924 3455; x_wconf 84' lang='lat' dir='ltr'>limem,</span> 
     </span>
     <span class='ocr_line' id='line_1_39' title="bbox 205 3458 935 3540; baseline 0 -19"><span class='ocrx_word' id='word_1_255' title='bbox 205 3465 224 3492; x_wconf 90' lang='lat'>“</span> <span class='ocrx_word' id='word_1_256' title='bbox 235 3458 300 3521; x_wconf 79' lang='lat' dir='ltr'>Qut</span> <span class='ocrx_word' id='word_1_257' title='bbox 313 3461 370 3519; x_wconf 87' lang='lat' dir='ltr'>scis</span> <span class='ocrx_word' id='word_1_258' title='bbox 383 3478 420 3517; x_wconf 91' lang='lat' dir='ltr'>an</span> <span class='ocrx_word' id='word_1_259' title='bbox 433 3462 560 3534; x_wconf 85' lang='lat' dir='ltr'>prudens</span> <span class='ocrx_word' id='word_1_260' title='bbox 574 3463 631 3519; x_wconf 91' lang='lat' dir='ltr'>huo</span> <span class='ocrx_word' id='word_1_261' title='bbox 644 3482 677 3521; x_wconf 86' lang='lat' dir='ltr'>se</span> <span class='ocrx_word' id='word_1_262' title='bbox 690 3462 836 3540; x_wconf 86' lang='lat' dir='ltr'>dejecerit,</span> <span class='ocrx_word' id='word_1_263' title='bbox 850 3475 935 3538; x_wconf 89' lang='lat' dir='ltr'>atque</span> 
     </span>
     <span class='ocr_line' id='line_1_40' title="bbox 206 3538 853 3619; baseline 0.006 -22"><span class='ocrx_word' id='word_1_264' title='bbox 206 3538 319 3597; x_wconf 80' lang='lat' dir='ltr'>Servari</span> <span class='ocrx_word' id='word_1_265' title='bbox 331 3538 421 3596; x_wconf 84' lang='lat' dir='ltr'>nolitl</span> <span class='ocrx_word' id='word_1_266' title='bbox 431 3539 447 3566; x_wconf 82' lang='lat'>&#39;³</span> <span class='ocrx_word' id='word_1_267' title='bbox 463 3539 557 3597; x_wconf 88' lang='lat' dir='ltr'>dicam</span> <span class='ocrx_word' id='word_1_268' title='bbox 569 3560 577 3610; x_wconf 93' lang='lat'>;</span> <span class='ocrx_word' id='word_1_269' title='bbox 599 3541 746 3618; x_wconf 85' lang='lat' dir='ltr'>Siculique</span> <span class='ocrx_word' id='word_1_270' title='bbox 759 3547 853 3619; x_wconf 75' lang='lat' dir='ltr'>politae</span> 
     </span>
     <span class='ocr_line' id='line_1_41' title="bbox 206 3615 926 3679; baseline 0.003 -4"><span class='ocrx_word' id='word_1_271' title='bbox 206 3616 337 3675; x_wconf 76' lang='lat' dir='ltr'>Narrabo</span> <span class='ocrx_word' id='word_1_272' title='bbox 350 3615 513 3675; x_wconf 88' lang='lat' dir='ltr'>interitum:</span> <span class='ocrx_word' id='word_1_273' title='bbox 535 3623 553 3649; x_wconf 79' lang='lat'>‘⁴</span> <span class='ocrx_word' id='word_1_274' title='bbox 568 3620 639 3677; x_wconf 84' lang='lat' dir='ltr'>deus</span> <span class='ocrx_word' id='word_1_275' title='bbox 650 3622 817 3679; x_wconf 88' lang='lat' dir='ltr'>immortalis</span> <span class='ocrx_word' id='word_1_276' title='bbox 827 3620 926 3679; x_wconf 91' lang='lat' dir='ltr'>haberi</span> 
     </span>
    </p>
   </div>
   <div class='ocr_carea' id='block_1_3' title="bbox 206 3694 1167 3931">
    <p class='ocr_par' dir='ltr' id='par_1_3' title="bbox 206 3694 1167 3931">
     <span class='ocr_line' id='line_1_42' title="bbox 206 3694 1167 3777; baseline 0.003 -22"><span class='ocrx_word' id='word_1_277' title='bbox 206 3695 284 3755; x_wconf 92' lang='lat' dir='ltr'>Dum</span> <span class='ocrx_word' id='word_1_278' title='bbox 298 3696 377 3773; x_wconf 87' lang='lat' dir='ltr'>cupit</span> <span class='ocrx_word' id='word_1_279' title='bbox 390 3694 589 3773; x_wconf 81' lang='lat' dir='ltr'>Empedocles,</span> <span class='ocrx_word' id='word_1_280' title='bbox 604 3700 752 3758; x_wconf 84' lang='lat' dir='ltr'>ardentem</span> <span class='ocrx_word' id='word_1_281' title='bbox 765 3701 886 3777; x_wconf 83' lang='lat' dir='ltr'>frigidus</span> <span class='ocrx_word' id='word_1_282' title='bbox 899 3699 1019 3758; x_wconf 85' lang='lat' dir='ltr'>AEtnam</span> <span class='ocrx_word' id='word_1_283' title='bbox 1108 3698 1167 3758; x_wconf 79' lang='grc'>465</span> 
     </span>
     <span class='ocr_line' id='line_1_43' title="bbox 206 3773 867 3856; baseline 0.006 -23"><span class='ocrx_word' id='word_1_284' title='bbox 206 3773 330 3835; x_wconf 90' lang='lat' dir='ltr'>Insiluit.</span> <span class='ocrx_word' id='word_1_285' title='bbox 371 3775 416 3834; x_wconf 86' lang='lat' dir='ltr'>Sit</span> <span class='ocrx_word' id='word_1_286' title='bbox 425 3776 483 3853; x_wconf 88' lang='lat' dir='ltr'>jus,</span> <span class='ocrx_word' id='word_1_287' title='bbox 496 3776 637 3855; x_wconf 87' lang='lat' dir='ltr'>liceatque</span> <span class='ocrx_word' id='word_1_288' title='bbox 649 3780 742 3855; x_wconf 87' lang='lat' dir='ltr'>perire</span> <span class='ocrx_word' id='word_1_289' title='bbox 754 3781 867 3856; x_wconf 73' lang='lat' dir='ltr'>poetis:</span> 
     </span>
     <span class='ocr_line' id='line_1_44' title="bbox 207 3853 863 3931; baseline 0.009 -20"><span class='ocrx_word' id='word_1_290' title='bbox 207 3853 332 3913; x_wconf 83' lang='lat' dir='ltr'>Invitum</span> <span class='ocrx_word' id='word_1_291' title='bbox 345 3854 394 3931; x_wconf 91' lang='lat' dir='ltr'>qui</span> <span class='ocrx_word' id='word_1_292' title='bbox 407 3866 510 3929; x_wconf 77' lang='lat' dir='ltr'>servet,</span> <span class='ocrx_word' id='word_1_293' title='bbox 525 3856 602 3915; x_wconf 85' lang='lat' dir='ltr'>idem</span> <span class='ocrx_word' id='word_1_294' title='bbox 617 3857 685 3916; x_wconf 80' lang='lat' dir='ltr'>fecit</span> <span class='ocrx_word' id='word_1_295' title='bbox 696 3858 863 3918; x_wconf 81' lang='lat' dir='ltr'>occidenti:</span> 
     </span>
    </p>
   </div>
   <div class='ocr_carea' id='block_1_4' title="bbox 0 0 1323 4442">
    <p class='ocr_par' dir='ltr' id='par_1_4' title="bbox 0 0 1323 4442">
     <span class='ocr_line' id='line_1_45' title="bbox 0 0 1323 4442; baseline 0 0"><span class='ocrx_word' id='word_1_296' title='bbox 0 0 1323 4442; x_wconf 95' lang='lat' dir='ltr'> </span> 
     </span>
    </p>
   </div>
  </div>
 </body>
</html>
