2617 4442
498 402 745 454 EPISTOLARUM
762 406 828 456 LIB.
846 408 867 456 l.
885 411 908 457 2.

566 626 771 687 EPISTOLA
791 628 832 688 II.

603 765 643 805 An
658 766 791 807 sonuum

244 867 381 926 Tecrum
395 865 462 924 belli
476 866 653 941 scriptorem,
667 866 791 925 maxime
804 867 889 942 lolli,

244 947 322 1004 Dum
336 956 367 1003 tu
381 945 525 1003 declamas
539 945 653 1019 Romae,
668 945 812 1005 Praeneste
825 949 913 1025 relegi
925 969 932 1020 余

243 1027 315 1098 Qui,
329 1024 397 1101 quid
407 1024 443 1082 sit
453 1025 614 1101 pulchrum,
629 1025 699 1101 quid
712 1036 803 1101 turpe,
817 1028 885 1102 quid
900 1028 979 1103 utile,
993 1031 1061 1107 quid
1075 1052 1144 1108 non,

244 1103 361 1163 Planius
375 1122 409 1160 ac
423 1102 525 1161 melius
539 1104 699 1180 Chrysippo
712 1116 741 1163 et
754 1105 894 1165 Crantore
908 1109 986 1167 dicit.

244 1186 303 1243 Cur
318 1184 357 1240 ita
370 1183 549 1254 crediderim,
564 1183 619 1240 nisi
632 1184 701 1260 quid
714 1194 743 1241 te
757 1184 874 1259 detinet,
890 1188 965 1245 cudi.
1174 1195 1194 1251 5

282 1262 402 1334 Fabula,
416 1264 472 1338 qud
486 1261 596 1320 Paridis
608 1274 721 1339 propter
735 1274 864 1322 narratur
878 1285 1003 1325 amorem

242 1342 355 1401 Graecia
369 1342 504 1399 barbariae
518 1341 595 1400 lento
608 1342 706 1400 collisa
720 1342 823 1416 duell0,

244 1423 400 1480 Stultorum
414 1440 513 1497 regum
527 1431 556 1478 et
569 1422 738 1498 populorum
751 1423 880 1482 continet
894 1435 987 1483 aestus.

243 1503 374 1559 Antenor
387 1511 486 1558 censet
497 1500 563 1558 belli
577 1500 732 1577 praecidere
745 1520 870 1559 oausam.

241 1581 324 1643 Quid
337 1580 440 1638 Parisl
461 1590 493 1637 ut
506 1580 599 1636 salvus
611 1590 713 1655 regnet
725 1580 853 1656 vivatque
867 1581 976 1657 beatus,
1157 1588 1193 1645 10

243 1660 316 1736 Cogi
329 1678 412 1736 posse
425 1669 519 1734 neget.
560 1659 667 1717 Nestor
680 1678 851 1735 componere
865 1661 928 1719 lites

242 1740 321 1798 Inter
335 1739 454 1797 Peliden
468 1738 581 1796 festinat
594 1748 623 1796 et
637 1739 711 1796 inter
724 1739 864 1798 Atriden:

242 1820 331 1877 Hunc
345 1838 432 1890 amor,
447 1818 488 1875 ira
500 1818 615 1893 quidem
629 1819 818 1875 communiter
832 1821 888 1878 urit
902 1830 1060 1898 utrumque.

241 1898 392 1973 Quidquid
405 1896 526 1954 delirant
539 1916 631 1973 reges,
645 1899 809 1973 plectuntur
823 1899 936 1958 Achivi.

241 1977 398 2049 Seditione,
413 1976 493 2049 dolis,
507 1977 624 2050 scelere,
639 1989 723 2053 etque
737 1977 855 2036 libidine
869 1990 898 2038 ct
911 1978 963 2053 irs,
1155 1983 1193 2040 15

240 2057 344 2116 Iliacos
358 2057 431 2113 intra
444 2074 539 2113 muros
551 2066 687 2131 peccatur
700 2067 729 2114 et
742 2068 829 2115 extre

281 2137 403 2208 Rursus,
417 2135 485 2211 quid
498 2134 585 2193 virtus
600 2144 629 2193 et
643 2135 711 2212 quid
725 2137 863 2211 sapientia
875 2138 974 2213 possit,

240 2216 315 2275 Utile
329 2215 473 2292 proposuit
485 2215 569 2272 nobis
579 2216 724 2290 exemplar
737 2215 885 2290 Ulyssem3

239 2296 312 2369 Qui,
326 2295 446 2352 domitor
460 2293 567 2370 Trojae,
581 2294 735 2351 multorum
749 2295 882 2369 providus
895 2295 981 2352 urbes

241 2375 279 2433 Et
292 2394 386 2433 mores
399 2372 548 2431 hominum
561 2372 700 2449 inspexit余
722 2371 865 2448 latumque
878 2393 929 2449 per
944 2392 1047 2449 equor,

240 2454 318 2512 Dum
332 2453 396 2527 sibi,
408 2454 476 2509 dum
487 2451 572 2509 sociis
586 2450 708 2508 reditum
723 2462 812 2527 parat,
827 2471 926 2528 aspera
939 2452 1029 2510 multu

238 2532 368 2606 Pertulit,
383 2530 507 2590 adversis
520 2549 614 2588 rerum
629 2530 827 2587 immersabilis
839 2533 933 2590 undis,

240 2614 374 2669 Sirenum
388 2620 514 2669 receset
528 2610 622 2668 Gircae
635 2610 738 2686 pocula
752 2609 844 2680 ndsti3

238 2692 315 2753 Quae
329 2690 353 2747 si
367 2709 434 2747 cum
448 2690 532 2747 sociis
547 2690 650 2747 stultus
664 2690 839 2765 cupidusque
854 2691 980 2764 bibisset,

240 2772 301 2829 Sub
314 2769 431 2827 dominis
444 2769 592 2828 meretrice
606 2769 706 2826 fuisset
718 2770 807 2845 turpis
820 2780 850 2827 et
862 2790 972 2844 excors,

238 2850 365 2908 Vixisset
378 2848 458 2905 canis
471 2849 645 2921 immundus,
661 2848 704 2906 vel
718 2850 812 2907 amics
824 2849 950 2908 lutosus.

277 2928 341 2986 Nos
355 2947 490 2985 numerus
504 2947 611 2999 sumus,
625 2939 655 2987 et
669 2929 764 3005 fruges
777 2948 945 2988 consumere
959 2930 1029 3004 neti,

239 3008 343 3083 Sponsi
356 3007 515 3083 Penelope,
530 3008 697 3080 nebulones,
713 3009 884 3084 Alcinoique

238 3085 274 3144 In
284 3097 351 3144 cute
364 3087 491 3143 curandis
504 3088 568 3163 plus
582 3106 662 3163 aequo
674 3099 789 3163 operata
799 3089 951 3162 juventus3

238 3166 294 3224 Cui
308 3166 459 3243 pulchrum
473 3166 525 3223 suit
538 3165 568 3223 in
582 3166 693 3223 medios
707 3167 829 3223 dormire
843 3166 914 3237 dies,
928 3177 958 3223 et

238 3246 286 3302 Ad
301 3245 446 3321 strepitum
461 3243 577 3301 citharae
591 3254 734 3301 cessatum
748 3245 852 3301 ducere
867 3263 974 3300 curam.

237 3323 276 3381 Ut
287 3324 419 3400 jugulent
433 3324 589 3395 hominem,
605 3331 726 3397 surgunt
739 3322 775 3379 de
789 3331 873 3379 nocte
886 3322 1029 3382 latrones:

237 3402 276 3460 Ut
288 3403 411 3479 teipsum
425 3420 529 3473 serveS,
544 3420 601 3458 uon
615 3400 840 3477 expergiscerisl
862 3402 952 3477 Atqui

237 3482 269 3539 Si
283 3483 364 3540 noles
378 3500 474 3552 sanus,
489 3499 586 3537 curres
600 3480 788 3556 hydropicus:
810 3492 847 3553 et,
862 3481 893 3538 ni

237 3560 342 3619 Posces
357 3573 422 3619 ente
437 3560 514 3617 diem
527 3560 630 3616 librum
642 3578 709 3616 cum
722 3560 839 3633 lumine,
854 3560 878 3617 si
891 3580 949 3619 nou

236 3639 375 3699 Intendes
389 3640 516 3697 animum
530 3639 630 3696 studiis
643 3649 674 3696 et
686 3640 770 3696 rebus
784 3641 909 3698 honestis
917 3660 925 3710 余

235 3718 350 3778 Invidit
363 3720 406 3777 vel
421 3737 517 3775 amore
531 3718 596 3794 vigil
610 3719 785 3795 torquebere.
826 3718 857 3775 N
858 3739 903 3776 am
917 3739 978 3791 cur,

235 3799 312 3860 Qure
326 3800 435 3857 laedunt
443 3798 569 3870 oculum,
586 3798 703 3855 festinas
717 3799 848 3868 demere余
870 3800 894 3855 si
908 3799 976 3874 quid

235 3877 288 3936 Est
302 3880 439 3950 animum,
455 3876 551 3934 differs
564 3878 685 3934 curandi
698 3888 810 3953 tempus
824 3877 854 3934 in
868 3879 996 3935 eunuml

235 3957 394 4017 Dimidium
409 3958 486 4033 facti,
500 3956 548 4032 qui
562 3958 658 4035 coepit,
672 3957 776 4015 habet:
797 3974 896 4034 sapere
909 3957 1002 4027 eude3
