2617 4442
189 339 230 396 92
514 332 547 389 Q.
565 330 712 380 HORA'l'll
729 330 853 382 FLACCI

232 478 290 535 Sed
305 485 400 534 tamen
415 485 510 534 amoto
522 493 683 552 queramus
696 474 770 531 seria
782 474 859 533 ludo.

229 556 283 613 Ille
297 574 411 631 gravem
426 555 497 612 duro
510 564 614 612 terram
627 553 676 628 qui
690 553 772 611 vertit
785 564 888 626 aratro,

229 634 359 693 Perfidus
373 634 421 692 hic
435 653 536 709 caupo,
550 632 641 701 miles,
657 644 807 707 nautaeque
820 651 871 709 per
884 649 970 690 omne

229 714 366 772 Audaces
381 732 458 770 mare
472 712 521 788 qui
535 721 664 784 currunt,
679 712 734 769 hac
747 722 843 769 mente
858 710 985 769 laborem

230 795 301 852 Sese
316 793 399 865 serre,
414 811 498 850 senes
511 802 542 848 ut
556 791 586 848 in
600 791 658 850 otia
671 800 733 849 tuta
746 791 894 863 recedant,

229 872 332 944 Aiunt,
346 891 433 949 quum
448 871 502 928 sibi
516 871 574 927 sint
586 880 723 947 congesta
733 869 857 927 cibaria:
879 870 955 927 sicut

229 950 359 1024 Parvula,
373 968 440 1008 nam
450 950 579 1027 exemplo
593 960 644 1022 est,
659 950 756 1026 magni
770 949 889 1007 formica
901 945 1007 1007 laboris

229 1032 289 1089 Ore
303 1030 391 1088 trahit
405 1030 594 1105 quodcunque
607 1039 710 1105 potest,
725 1039 808 1104 atque
822 1029 903 1087 addit
915 1046 1017 1086 acervo

229 1110 328 1172 Quem
342 1110 433 1181 struit,
448 1109 525 1166 haud
538 1109 638 1184 ignara
652 1128 686 1165 ac
700 1128 758 1166 non
773 1108 889 1166 incauta
902 1108 998 1165 firturi.

229 1188 316 1261 Qun,
331 1188 415 1245 simul
430 1188 575 1244 inversum
589 1187 738 1245 contristat
751 1188 896 1265 Aquarius
910 1203 1028 1260 annum,

231 1266 299 1325 Non
312 1286 431 1342 usquam
445 1266 578 1343 prorepit,
593 1276 622 1323 et
632 1266 688 1324 illis
701 1267 789 1325 utitur
804 1260 871 1325 ante

229 1345 370 1408 Quaesitis
384 1346 516 1422 sapiens:
537 1363 625 1422 quum
637 1356 666 1404 te
680 1365 773 1421 neque
788 1346 913 1404 fervidus
929 1354 1014 1403 aestus

229 1425 380 1483 Dimoveat
392 1425 482 1498 lucro,
496 1444 588 1501 neque
603 1425 705 1498 hiems,
720 1425 804 1501 ignis,
819 1444 909 1498 mare,
923 1424 1046 1495 serrum

230 1504 282 1563 Nil
295 1505 387 1564 obstet
399 1504 461 1578 tibi,
475 1504 544 1561 dum
558 1524 595 1562 ne
608 1503 645 1561 sit
658 1514 686 1562 te
701 1504 784 1562 ditior
798 1505 877 1562 alter.
914 1522 917 1528 ’

228 1584 313 1646 Quid
324 1584 405 1661 juvat
419 1583 590 1642 immensum
604 1594 632 1641 te
647 1584 758 1661 argenti
771 1585 884 1661 pondrn
897 1594 927 1641 et
936 1580 998 1640 auri

230 1662 341 1720 Furtim
353 1663 468 1721 defossa
478 1663 610 1721 timidum
625 1663 768 1740 deponere
780 1663 915 1721 terral-

229 1742 329 1815 Quod,
350 1743 374 1800 si
389 1742 577 1814 comminuas,
591 1742 678 1800 vilem
692 1744 836 1819 redigatur
850 1742 887 1799 ad
901 1758 1043 1799 assem.-

230 1822 280 1893 At,
294 1822 324 1879 ni
339 1822 367 1879 id
382 1822 422 1894 fit,
437 1822 504 1896 quid
520 1822 605 1879 habet
617 1821 731 1898 pulchri
745 1832 925 1881 constructus
939 1820 1080 1878 acervusl

231 1898 324 1957 Millia
338 1900 474 1958 frumenti
487 1910 536 1957 tua
549 1899 658 1957 triverit
671 1919 737 1958 area
750 1912 884 1971 centum;

231 1978 297 2037 Non
311 1989 377 2038 tuus
391 1980 446 2037 hoc
460 1978 554 2056 capiet
567 1990 666 2037 venter
678 1980 742 2055 plus
755 1978 841 2056 quam
854 1997 952 2037 meus:
973 1987 1015 2051 nt,
1028 1976 1054 2035 si

230 2058 400 2117 Reticulum
413 2058 496 2135 panis
511 2058 625 2116 venales
639 2058 714 2117 inter
727 2070 830 2119 onusto

230 2135 318 2195 Forte
332 2138 419 2195 vehas
433 2138 562 2211 humero,
577 2138 668 2197 nihilo
682 2139 747 2215 plus
760 2138 885 2216 accipias
898 2136 985 2214 qudrn

232 2217 296 2282 Qui
310 2217 350 2275 nil
364 2216 490 2295 portdrit.
525 2216 581 2275 Vel
595 2218 652 2291 dic,
667 2220 735 2294 quid
749 2220 852 2277 reserat
865 2218 940 2276 intra

228 2296 259 2357 N
262 2308 349 2356 aturre
363 2296 435 2354 fines
449 2297 564 2371 viventi,
576 2297 678 2374 jugera
691 2310 818 2371 centum,
832 2318 869 2355 an

230 2375 311 2435 Mille
326 2378 488 2435 aretl-At
501 2396 587 2435 suave
600 2388 644 2436 est
657 2398 693 2435 ex
707 2397 811 2455 magno
824 2377 923 2435 tollere
937 2394 1087 2433 acervo.-

230 2455 308 2513 Dum
321 2476 358 2514 ex
370 2476 456 2534 parvo
469 2456 552 2515 nobis
565 2458 733 2516 tantundem
748 2459 861 2515 haurire
875 2455 1028 2530 relinquas,

230 2536 290 2592 Cur
303 2545 353 2593 tua
366 2534 431 2611 plhs
445 2536 543 2593 laudes
558 2538 683 2594 cumeris
696 2538 827 2613 granaria
840 2535 964 2594 nostrisl

230 2613 278 2685 Ut,
291 2614 344 2671 tibi
359 2614 382 2670 si
397 2614 433 2671 sit
446 2632 517 2690 opus
530 2613 629 2689 liquidi
644 2635 702 2674 uon
716 2617 837 2692 amplius
851 2615 955 2691 urnis,⁸

230 2693 283 2749 Vel
299 2693 411 2767 cyatho,
426 2702 455 2750 et
468 2693 564 2751 dicas:
589 2698 608 2724 “
621 2693 730 2771 Magno
743 2697 780 2754 de
793 2695 911 2752 flumine
921 2691 1046 2763 mallem,

169 2785 172 2791 '
228 2769 329 2832 Quam
342 2790 379 2828 ex
392 2772 447 2829 hoc
461 2772 597 2830 fonticulo
610 2775 780 2832 tantundem
794 2774 934 2832 sumere.''
976 2768 1021 2829 Ed
1036 2769 1068 2830 fit

230 2850 345 2908 Plenior
360 2860 391 2907 ut
405 2851 429 2907 si
443 2869 513 2926 quos
527 2852 650 2912 delectet
663 2854 746 2929 copia
756 2854 842 2929 justo,

230 2930 305 2987 Cum
320 2928 381 3005 ripa
396 2929 478 2988 simul
493 2931 604 2989 avulsos
618 2933 689 2990 serat
703 2933 827 2991 Aufidus
842 2951 921 2990 acer:

230 3009 272 3066 At
284 3008 331 3083 qui
346 3008 455 3067 tantulo
466 3021 532 3085 eget
544 3022 649 3086 quanto
663 3023 707 3070 est
719 3032 800 3089 opus,
815 3013 839 3069 is
852 3030 945 3087 neque
958 3011 1028 3070 limo

229 3087 389 3145 Turbatam
404 3088 497 3147 haurit
510 3109 621 3165 aquarn,
633 3111 727 3169 neque
741 3092 832 3149 vitam·
841 3091 943 3149 amittit
957 3092 987 3149 in
1001 3088 1095 3147 undis.
1145 3087 1185 3145 60

269 3168 310 3225 At
324 3168 399 3226 bona
412 3188 477 3246 pars
491 3170 638 3227 hominum
653 3172 774 3247 decepta
788 3172 922 3247 cupidine
937 3170 1017 3242 falso,

230 3251 248 3278 “
261 3246 312 3305 Nil
324 3246 392 3306 satis
403 3250 475 3319 est,’'
487 3249 593 3324 inquit3
609 3255 627 3281 “
638 3251 706 3326 quia
714 3262 794 3322 tanti,
806 3262 944 3325 quantum
957 3248 1072 3320 habeas,
1084 3244 1152 3303 sis.’'

228 3325 310 3387 Quid
325 3328 412 3385 facias
426 3328 486 3387 illil
503 3328 605 3406 jubeas
618 3331 753 3387 miserum
768 3349 841 3403 esse,
855 3329 976 3387 libenter

118 3405 122 3415 '
227 3404 388 3465 Quatenus.
398 3408 427 3464 id
443 3408 527 3464 lacit:
548 3419 580 3464 ut
592 3409 708 3483 quidam
721 3420 894 3467 memoratur
909 3406 1044 3479 Athenis,
1059 3427 1064 3440 ·

229 3484 367 3541 Sordidus
382 3504 417 3542 ac
431 3486 519 3558 dives,
532 3486 629 3561 populi
643 3498 827 3546 contemnere
841 3507 925 3546 voces
1144 3484 1184 3541 65

230 3562 280 3619 Sic
293 3563 409 3621 solitus:
432 3564 586 3639 “Populus
600 3584 645 3623 me
660 3566 770 3637 sibilat;
793 3579 822 3626 at
835 3567 906 3625 mihi
919 3565 1024 3643 plaudo

229 3640 295 3716 lpse
310 3642 397 3714 domi,
412 3642 496 3699 simul
511 3661 545 3700 ac
559 3662 692 3702 nummos
706 3646 883 3723 contemplor
897 3647 927 3704 in
941 3646 1037 3704 arca.''

229 3718 370 3778 'l'antalus
385 3740 400 3779 a
416 3720 502 3779 labris
513 3721 611 3779 sitiens
626 3723 764 3799 fugientia
778 3737 874 3802 captat

229 3798 372 3858 Flumina.
406 3800 487 3863 Quid
503 3801 599 3859 ridesl
620 3814 728 3861 mutato
742 3806 858 3863 nomine
873 3806 909 3863 de
923 3816 952 3863 te

229 3877 340 3937 Fabula
353 3891 499 3939 narratur:
521 3881 665 3958 congestis
678 3883 804 3960 undique
819 3884 912 3941 saccis
