2617 4442
520 355 552 410 Q.
570 351 717 401 HORATII
733 351 858 401 FLACCI

608 572 693 630 ODE
705 572 778 631 XII.

539 711 579 748 An
600 711 704 750 AELIUM
723 709 853 748 LAMIAM.

356 811 436 884 AEnr,
451 821 561 868 vetusto
575 810 679 869 nobilis
692 810 729 867 ab
742 809 844 880 Lamo,

358 889 499 969 (Quando
512 900 541 947 et
554 891 662 965 priores
676 889 744 945 hinc
758 888 873 946 Lamias
886 885 981 944 ferunt

396 968 613 1041 Denomiuatos,
627 980 657 1026 et
669 978 806 1043 nepotum

433 1047 488 1106 Per
502 1067 644 1106 memores
657 1066 749 1123 genus
762 1065 847 1104 omne
858 1045 945 1102 festos

356 1126 484 1184 Auctore
500 1127 597 1185 abillo
612 1128 692 1183 ducit
705 1126 855 1199 originem,

355 1205 417 1267 Qui
432 1204 609 1263 Formiarum
624 1205 730 1262 moenia
743 1205 846 1261 dicitur

394 1283 542 1362 Princeps,
557 1296 586 1343 et
599 1285 747 1342 innantem
760 1282 878 1339 Maricae

433 1364 589 1421 Litteribus
602 1363 728 1422 tenuisse
742 1361 842 1433 Lirim,

356 1439 429 1500 Late
444 1442 612 1521 tyrannus);
633 1461 698 1498 cras
712 1441 787 1498 foliis
800 1458 904 1498 nemus

357 1519 458 1579 Multis
471 1532 500 1579 et
514 1521 579 1596 alga
591 1521 671 1578 littus
684 1519 778 1577 inutili

394 1601 528 1659 Demissa
542 1609 694 1676 tempestas
707 1599 744 1654 ab
757 1596 835 1656 Euro

439 1681 564 1750 Sternet,
579 1698 659 1755 equae
673 1677 729 1735 nisi
743 1677 814 1734 fallit
828 1695 919 1752 augur

357 1758 479 1817 Annosa
491 1759 600 1817 cornix.
642 1757 721 1814 Dum
735 1768 826 1832 potes,
840 1755 951 1812 aridum

358 1838 507 1912 Compone
520 1837 647 1911 lignum:
670 1853 734 1892 cras
747 1835 873 1892 Genium
886 1851 965 1892 mero

396 1916 529 1988 Curubis,
543 1925 572 1972 et
584 1933 672 1990 porco
686 1912 840 1984 bimestri,'

438 1993 514 2052 Cum
528 1993 641 2054 famulis
654 2010 774 2069 operum
787 1991 894 2050 solutis.

601 2307 686 2368 ODE
699 2307 787 2367 XIII.

594 2447 635 2486 ΑΙ)
657 2447 792 2488 FAUNUM.

359 2548 478 2619 Fruere,
492 2546 692 2622 Nympharum
707 2545 866 2621 fugientum
880 2555 1000 2621 amator,

358 2627 413 2684 Per
427 2644 505 2682 meos
518 2623 590 2682 fines
604 2634 632 2681 et
646 2625 743 2700 aprica
756 2645 822 2682 rure

357 2704 446 2763 Leuis
459 2704 587 2774 incedas,
602 2704 742 2778 abeasque
757 2703 849 2780 parvis

555 2782 667 2857 AEquus
681 2782 820 2841 alumnis:

359 2861 391 2920 Si
404 2871 485 2920 tener
497 2861 581 2936 pleno
595 2862 673 2918 cadit
687 2863 786 2918 haedus
799 2881 885 2934 anno,

357 2941 452 3016 Larga
465 2959 520 2996 nec
534 2941 637 2999 desunt
649 2940 774 2997 Veneris
787 2941 878 2998 sodali

357 3019 436 3078 Vina
449 3029 575 3090 craterae,
590 3030 670 3076 vetus
684 3039 733 3076 ara
746 3020 836 3078 multo

550 3097 656 3156 Fumat
668 3099 764 3156 odore.

358 3176 446 3236 Ludit
460 3177 580 3236 herboso
594 3197 683 3253 pecus
695 3197 781 3236 omne
796 3196 908 3253 campo,

357 3255 459 3319 Quum
472 3257 525 3315 tibi
538 3256 632 3315 Nonae
645 3258 767 3316 redeunt
780 3254 973 3314 Decembres:

359 3336 463 3396 Festus
476 3337 507 3396 in
520 3339 608 3415 pratis
621 3347 703 3396 vacat
715 3337 806 3395 otioso

556 3416 632 3473 Cum
646 3418 717 3474 bove
730 3433 837 3492 pagus:

360 3491 439 3551 Inter
453 3494 577 3551 audaces
590 3495 675 3570 lupus
687 3506 763 3552 errat
776 3510 882 3570 agnos:

362 3572 476 3648 Spargit
490 3581 615 3648 agrestes
628 3573 681 3630 tibi
694 3573 764 3632 silva
777 3573 909 3631 frondes:
956 3577 960 3581 ’

360 3651 476 3709 Gaudet
487 3651 608 3709 invisam
621 3653 764 3727 pepulisse
777 3653 866 3709 fossor

559 3729 620 3787 Ter
633 3730 707 3805 pede
717 3743 830 3788 terram.
