2617 4442
141 388 198 449 143
461 383 493 441 o.
510 381 657 433 uomrrr
673 381 800 433 ruaccr

176 528 297 608 Incipe:
316 526 366 606 qui
377 523 456 586 recti
470 524 583 585 vivendi
597 536 728 603 prorogat
741 526 850 599 horam,

176 608 317 668 Rusticus
329 617 475 683 exspectat
487 606 556 663 dum
569 604 677 663 defluat
690 606 782 663 amnis
789 626 798 676 3
819 617 849 664 at
863 605 911 663 ille

175 688 305 761 Labitur,
318 699 347 747 et
359 686 470 744 labetur
483 685 514 743 in
526 704 612 743 omne
625 684 758 743 volubilis
772 704 873 743 evum.

214 767 362 831 Queritur
375 775 535 841 argentum,
547 763 699 841 puerisque
713 764 797 822 beata
808 763 941 821 creandis

175 844 264 920 Uxor,
276 857 306 904 ct
318 845 434 903 inculte
447 853 585 920 pacantur
598 862 712 902 vomere
724 843 810 900 silve.
1089 842 1130 899 ts

174 926 264 988 Quod
278 920 347 983 satis
360 934 404 981 est
416 923 464 981 cui
478 923 607 999 contigit,
621 923 670 980 hic
683 922 755 979 nihil
768 921 890 998 amplius
902 930 988 997 optet.

175 1004 243 1064 Non
257 1006 359 1065 domus
371 1014 400 1061 et
414 1001 528 1075 fundus,
542 1021 600 1061 non
612 1001 677 1059 acris
689 1020 809 1059 acervus
822 1012 852 1059 et
864 999 927 1057 auri

175 1084 296 1160 AEgroto
309 1080 418 1141 domini
431 1080 550 1139 deduxit
563 1100 681 1157 corpore
694 1080 798 1153 febres,

175 1162 244 1221 Non
258 1163 354 1221 animo
366 1180 457 1219 curas.
498 1160 600 1218 Valeat
612 1178 756 1236 possessor
769 1169 890 1237 oportet,

175 1243 209 1300 Si
222 1241 405 1319 comportatis
419 1239 504 1297 rebus
517 1239 591 1297 bene
605 1239 713 1317 cogitat
725 1240 775 1297 uti.

174 1321 238 1383 Qui
250 1322 330 1399 cupit
343 1330 393 1378 cut
405 1318 516 1390 metuit,
527 1319 606 1395 juvat
619 1318 701 1376 illum
714 1318 756 1376 sic
770 1319 873 1377 domus
886 1326 915 1375 et
928 1335 984 1389 res,

175 1398 215 1458 Ut
226 1400 336 1477 lippum
348 1399 431 1476 pictae
445 1397 559 1471 tabulae,
573 1398 699 1456 fomenta
710 1399 877 1474 podagram,

175 1480 330 1537 Auriculas
344 1478 460 1536 citharas
473 1477 595 1535 collecta
608 1478 692 1536 sorde
709 1478 847 1535 dolentes.

176 1560 329 1617 Sincerum
342 1570 386 1617 est
398 1556 454 1615 uisi
468 1575 526 1629 aas,
540 1558 729 1633 quodcunque
742 1556 869 1615 inlimdis
881 1554 997 1614 acescit

176 1638 288 1715 Sperne
301 1638 474 1713 voluptates:
495 1646 580 1694 nocet
591 1647 689 1712 empta
701 1636 797 1694 dolore
810 1637 949 1712 voluptas

176 1718 295 1793 Semper
309 1735 409 1774 avarus
422 1724 506 1791 eget;
526 1726 637 1773 certum
650 1725 714 1773 voto
727 1726 792 1790 pete
805 1715 902 1773 tinem

175 1794 295 1853 Invidus
308 1795 424 1853 alterius
437 1794 589 1853 macrescit
601 1795 687 1853 rebus
698 1792 822 1871 opimis:

175 1873 289 1932 tundis
303 1874 394 1933 Siculi
407 1892 466 1932 non
479 1872 616 1933 invenire
628 1873 743 1950 tyranni

147 1943 151 1963 '
175 1952 272 2030 Majus
284 1964 466 2012 tormentum.
506 1953 569 2014 Qui
583 1973 641 2011 non
654 1952 846 2011 moderabitur
860 1953 919 2024 ire,

175 2032 320 2092 Insectum
333 2033 407 2091 volet
420 2051 493 2104 esse,
507 2033 585 2091 dolor
599 2034 674 2110 quod
688 2032 808 2089 suaserit
820 2042 850 2089 et
862 2050 955 2104 mens,

175 2111 254 2170 Dum
267 2131 365 2190 poenas
378 2112 445 2171 odio
457 2130 507 2188 per
521 2113 577 2169 vim
591 2113 706 2171 festinat
718 2111 818 2169 inulto.

176 2188 225 2249 Ira
238 2192 313 2250 furor
327 2191 419 2250 brevis
432 2203 492 2249 est:
514 2191 642 2249 animum
656 2210 734 2267 rege,
747 2190 806 2266 qui,
820 2189 876 2248 nisi
889 2198 979 2266 paret,

175 2269 318 2348 Imperat:
339 2271 417 2329 hunc
431 2271 536 2343 barnis,
550 2272 626 2328 hunc
639 2282 671 2328 tu
685 2288 836 2346 compesce
848 2269 961 2327 ostenti.

175 2349 276 2427 Fingit
288 2370 393 2427 equum
407 2351 505 2409 teneri
519 2351 642 2409 docilem
655 2350 768 2407 cervice
782 2349 915 2425 magister

176 2428 223 2488 Ire
237 2432 312 2489 viam
325 2432 382 2506 qut
396 2440 533 2488 monstret
545 2449 642 2506 eques.
683 2429 852 2501 venaticus,
865 2447 902 2485 ex
914 2445 971 2503 quo

176 2507 321 2586 Tempore
335 2510 478 2567 cervinam
492 2509 595 2584 pellem
609 2508 721 2566 latravit
733 2508 850 2579 inauli,

176 2586 282 2646 Militat
295 2589 325 2645 in
339 2588 416 2645 silvis
429 2587 550 2644 catulus.
590 2586 619 2643 N
623 2606 680 2644 unc
694 2587 798 2645 adhibe
810 2605 882 2662 puro

175 2666 295 2723 Pectore
309 2667 402 2737 verba,
416 2684 502 2741 puer;
523 2683 602 2722 nuno
617 2677 645 2723 te
659 2666 824 2724 melioribus
835 2664 914 2723 offer.

173 2745 245 2807 Quo
258 2745 345 2802 semel
356 2755 399 2802 est
413 2744 521 2801 imbuta
534 2763 645 2817 recens,
660 2746 782 2803 servabit
793 2746 909 2804 odorem

165 2824 254 2883 Testa
267 2824 325 2880 diu.
365 2820 495 2886 Quodsi
509 2842 614 2897 cessas,
628 2836 679 2882 aut
691 2836 824 2882 strenuus
838 2821 940 2896 ahteis,

174 2902 205 2961 N
206 2922 240 2961 cc
253 2904 366 2961 tardum
379 2902 518 2979 opperior,
532 2921 588 2962 nec
601 2903 830 2981 precedentibus
842 2903 927 2961 insto.

488 3219 692 3279 EPISTOLA
711 3218 771 3279 111.

470 3358 511 3397 An
523 3358 634 3400 sumum
648 3356 781 3399 FLORUH.

173 3457 193 3514 J
194 3476 243 3516 um
257 3457 352 3529 Flore,
366 3458 469 3533 quibus
482 3470 620 3517 terrarum
633 3459 736 3517 militet
747 3457 805 3516 oris

174 3534 439 3612 ClaudiusAugusti
452 3536 608 3612 privignus,
622 3539 696 3595 scire
709 3539 814 3596 laboro.

174 3613 329 3672 Thracane
342 3634 402 3687 vos,
416 3613 587 3689 Hebrusque
598 3616 686 3673 nivali
699 3617 837 3693 compede
851 3615 974 3688 vinctus,

175 3695 224 3751 An
238 3694 309 3751 freta
322 3693 430 3751 vicinas
443 3693 517 3751 inter
531 3694 675 3752 currentia
687 3707 789 3768 turres,

175 3774 224 3829 An
238 3772 359 3848 pingues
372 3772 451 3829 Asiae
465 3772 559 3848 campi
573 3772 717 3849 collesque
731 3776 899 3833 moranturl
1106 3773 1128 3831 5

174 3851 256 3911 Quid
270 3851 395 3909 studiosa
408 3853 511 3910 cohors
523 3870 642 3927 operum
655 3854 757 3911 struitl
797 3854 872 3911 Haec
885 3871 996 3930 quoque
1010 3870 1099 3911 curo:

173 3928 252 3991 Quis
264 3930 319 3987 sibi
332 3949 377 3988 res
390 3941 485 4007 gestas
498 3930 624 4007 Augusti
638 3932 762 3991 scribare
776 3933 884 3991 sumitl
