2617 4442
465 375 682 430 LcARMINUM
698 375 764 425 LIB.
782 378 804 425 Ι.
1097 384 1135 442 17

222 518 315 578 Mixta
328 536 429 576 senum
443 536 477 576 ac
488 517 625 595 juvenum
639 519 796 578 densentur
810 520 911 581 bruera
919 542 928 595 ς
949 522 1061 582 nullum

381 598 462 654 Saeva
476 608 561 673 caput
574 598 745 674 Proserpina
758 599 839 675 fugit.
1093 603 1133 661 20

222 676 273 736 Me
286 694 397 754 quoque
411 676 511 733 devexi
524 677 640 753 rapidus
654 697 752 734 comes
765 678 883 737 Orionis

379 753 501 830 Illyricis
515 755 610 813 Notus
623 756 824 816 obruit'undis.

222 836 264 893 At
276 844 317 908 tu,
331 843 428 905 nauta,
442 853 521 910 vagae
535 853 572 891 ne
585 854 672 910 parce
686 834 828 911 malignus
842 857 934 896 arenae

380 912 503 970 Ossibus
517 924 546 971 et
559 913 645 990 capiti
660 914 810 973 inhumato
862 939 866 952 ·

222 991 393 1050 Particulam
407 991 475 1056 dare
485 1011 492 1049 ι
501 1049 504 1054 ,
513 993 566 1064 sic,
579 993 770 1067 quodcunque
784 994 936 1056 minabitur
951 993 1045 1054 Eurus
1092 996 1132 1054 25

379 1069 529 1128 Fluctibus
543 1070 701 1146 Hesperiis,
716 1073 873 1131 Venusinae

149 1199 154 1206 .
221 1149 386 1209 Flectuntur
400 1149 494 1220 silvre‚'
503 1159 531 1206 te
545 1151 666 1226 sospite3
687 1150 832 1226 multaque
845 1171 966 1226 merces,

379 1227 463 1285 Unde
474 1237 576 1303 potest,
591 1228 643 1286 tibi
658 1229 765 1304 defluat
778 1249 859 1305 aequo

221 1307 271 1366 Ab
281 1305 362 1380 Jove,
375 1305 567 1382 Neptunoque
581 1308 655 1365 sacri
669 1309 787 1366 custode
801 1309 938 1384 Tarenti!

378 1384 510 1460 Negligis
523 1387 673 1444 immeritis
686 1389 847 1446 nocituram
1093 1390 1133 1448 30
1165 1387 1167 1393 ’

221 1463 373 1524 Postmodo
386 1473 414 1520 te
428 1465 502 1520 natis
516 1464 644 1522 fraudem
659 1468 856 1524 committeret
890 1465 962 1525 Fors
975 1478 1005 1526 et

379 1541 485 1599 Debita
495 1543 560 1616 jura
572 1544 705 1618 vicesque
719 1546 848 1619 superbas

222 1621 268 1681 Te
281 1630 418 1679 maneant
432 1620 542 1695 ipsum:
563 1623 698 1696 precibus
711 1641 770 1679 non
784 1623 894 1698 linquar
908 1623 1023 1695 inultis;

380 1698 482 1773 Teque
496 1699 609 1774 piacula
621 1700 701 1758 nulla
713 1700 861 1759 resolvent.

219 1778 393 1855 Quanquam
408 1777 534 1850 festinas,
549 1797 607 1836 non
621 1790 665 1836 est
678 1798 757 1837 mora
770 1780 870 1856 longa3
891 1781 989 1840 licebit
1092 1784 1132 1841 35

379 1855 490 1934 Injecto
504 1867 547 1914 ter
560 1857 676 1933 pulvere
690 1860 815 1916 curras.”

528 2168 613 2227 ODE
633 2169 748 2229 XXIV.
795 2179 797 2182 ⁴

553 2279 723 2345 unicornu.

299 2408 375 2479 Icor‚
389 2405 480 2463 beatis
494 2421 573 2461 nunc
587 2403 717 2460 Arabum
731 2403 842 2464 invides

298 2486 399 2558 Gazis,
414 2495 443 2542 et
456 2502 552 2541 acrem
565 2482 696 2539 militiam
708 2502 792 2559 paras
810 2492 814 2500 ’

274 2579 281 2588 ’
337 2563 407 2622 Non
421 2561 488 2621 ante
503 2561 621 2619 devictis
636 2561 745 2618 Sabaeae

378 2642 520 2718 Regibus
535 2640 718 2716 horribilique
732 2640 822 2701 Medo

299 2722 400 2780 Nectis
414 2733 538 2779 catenas.
579 2718 657 2780 Qum
670 2721 723 2777 tibi
736 2721 887 2797 virginum,

300 2802 410 2878 Sponso
423 2810 535 2871 necato,
550 2799 670 2856 barbara
683 2799 806 2856 servietl
858 2849 861 2854 .

338 2880 412 2937 Puer
427 2878 490 2954 quis
510 2897 546 2935 ex
556 2878 623 2935 aulis
637 2877 746 2952 capillis

378 2959 427 3019 Ad
440 2959 574 3033 cyathum
588 2966 727 3014 statuetur
741 2957 845 3031 unctis,

299 3037 408 3096 Doctus
421 3037 538 3112 sagittas
551 3037 669 3094 tendere
684 3035 797 3092 Sericas

299 3118 379 3174 Arcu
392 3117 529 3192 paternol
562 3114 640 3176 Quis
653 3124 741 3190 neget
755 3113 852 3171 arduis

336 3195 444 3253 Pronos
457 3194 546 3252 relabi
558 3213 643 3269 posse
658 3193 731 3249 rivos

378 3273 536 3343 Montibus,
550 3283 579 3328 et
592 3270 724 3327 Tiberim
737 3270 857 3339 reverti3

296 3351 400 3416 Quum
413 3361 444 3408 tu
458 3353 605 3425 coemptos
618 3348 744 3422 undique
757 3347 867 3406 nobiles

299 3431 401 3491 Libros
414 3427 533 3500 Panaeti,
547 3427 725 3485 Socraticam
739 3439 768 3485 et
781 3427 908 3503 domum,

338 3509 453 3568 Mutare
467 3507 562 3565 loricis
576 3506 677 3579 Iberis,
1093 3509 1130 3568 15

376 3586 524 3646 Pollicitus
538 3587 663 3659 meliora,
677 3585 790 3644 tendisl

377 3667 426 3726 2*
