2617 4442
443 431 444 434 Ἴ
472 363 673 418 crummum
689 363 756 412 sm.
774 364 798 432 1.x

527 588 612 648 ODE
632 591 734 650 XXX.

461 727 502 767 AD
513 726 647 767 Puo'rlulu
660 725 815 768 NUbssDffl·
907 754 912 762 .

417 824 464 882 Er
477 825 561 882 thure
574 835 603 883 et
616 826 721 884 fidibus
731 826 811 902 juvat

300 905 419 966 Placere
439 914 468 962 et
481 904 562 961 vituli
576 906 717 981 sanguine
730 904 827 962 debito

417 982 560 1041 Custodes
573 983 709 1041 Numidss
723 984 802 1054 deos,
1000 1018 1006 1030 ι

299 1062 363 1126 Qui
375 1081 454 1120 nuno
469 1061 611 1138 Hesperib
624 1081 722 1138 sospes
735 1063 772 1120 eb
784 1060 886 1120 ultimd

419 1140 502 1198 Garis
515 1141 604 1198 multe
617 1142 770 1214 sodalibus,
905 1160 909 1164 ’

301 1219 383 1279 Nulli
395 1219 476 1296 plum
489 1221 700 1294 tumen,dividit
712 1221 820 1293 osenla,

418 1296 518 1361 Quem
532 1299 609 1356 dulei
623 1300 749 1371 Lemiae3
771 1317 879 1357 memor

303 1379 386 1436 Aere
399 1397 457 1436 non
470 1378 526 1436 alio
539 1397 607 1454 rege
619 1380 749 1455 puertiae,

420 1455 595 1532 Mutatteque
609 1459 693 1515 simul
707 1469 790 1533 togre.

300 1535 407 1594 Cressis
420 1553 458 1591 ne
472 1546 568 1593 eareat
580 1537 699 1610 pulchra
712 1538 775 1592 dies
788 1535 873 1603 nobi3

420 1611 489 1670 Neu
501 1624 638 1690 promptae
652 1615 754 1672 modus
768 1614 929 1689 amphorae:

302 1691 370 1751 Neu
384 1710 492 1750 morem
505 1693 536 1749 in
550 1693 660 1750 Selidm
674 1694 710 1750 sit
722 1692 835 1768 requies
844 1691 967 1768 pedum:

422 1770 490 1829 Neu
503 1771 585 1828 multi
599 1770 728 1829 Damalis
741 1771 813 1829 meri

302 1851 421 1910 Bessum
435 1849 576 1908 Threieib
590 1849 686 1909 vincet
698 1849 854 1926 amystide:

419 1927 486 1987 Neu
500 1929 595 1988 desint
608 1931 700 2006 epulis
712 1949 794 2003 rose,

302 2007 370 2068 Neu
382 2007 463 2067 vivex
476 2008 582 2086 apium,
596 2028 654 2066 neu
665 2010 750 2067 breve
763 2010 864 2067 lilium.

499 2375 500 2378 ,
528 2325 613 2382 ODE
632 2325 752 2383 XXXI.

547 2459 588 2498 Ab
602 2460 743 2500 somnus·

323 2558 415 2620 Nom
425 2567 469 2617 est
482 2559 647 2634 bibendum,
662 2579 741 2618 nune
755 2560 828 2638 pede
841 2558 932 2618 libero

324 2637 468 2698 Pulsanda
480 2640 579 2710 tellus;
600 2659 681 2698 nune
694 2640 852 2698 Saliaribus

369 2716 482 2776 Omsre
495 2719 624 2795 pulvinar
638 2720 757 2777 deorum

401 2795 530 2874 Tempus
543 2808 604 2856 eret
617 2799 747 2875 dapibus,
761 2798 880 2857 sodales

324 2875 457 2934 Antehac
470 2877 550 2934 nefas
564 2879 729 2955 depromere
743 2878 901 2935 Caeeubum

325 2954 413 3012 Cellis
427 2955 517 3028 avitis,
532 2957 600 3014 dum
615 2956 757 3033 Capitolio

362 3033 478 3107 Regina
492 3035 639 3094 dementes
653 3036 759 3107 ruinas,

402 3112 503 3171 Funus
515 3126 544 3173 et
554 3115 674 3191 imperio
687 3114 814 3191 parebat,

326 3191 525 3251 contaminato
539 3212 606 3250 oum
620 3212 707 3268 grege
721 3193 845 3268 turpium

323 3269 426 3329 Morbo
439 3271 572 3341 virorum,
585 3270 725 3344 quidlibet
737 3271 878 3344 impotens

366 3349 497 3424 sperare,
511 3348 681 3422 fortunisque
695 3347 772 3404 dulei

403 3425 499 3482 Ebria.
541 3426 599 3484 Sed
613 3426 717 3484 minuit
731 3427 853 3484 fluorem

325 3505 384 3564 vix
396 3522 456 3562 uus
469 3524 565 3580 sospes
579 3505 659 3563 nevis
673 3506 709 3563 ab
722 3506 855 3582 ignibus:

326 3583 511 3659 Mentemque
525 3584 697 3661 lymphatum
711 3584 869 3643 Mareotico

363 3663 492 3739 Redegit
504 3664 533 3720 iu
547 3684 629 3722 veros
642 3664 759 3722 timores

406 3742 513 3815 Caeser,
527 3743 563 3800 ab
576 3743 662 3801 Italit
675 3744 816 3801 volantem

327 3821 430 3879 Remis
443 3822 596 3898 adurgens,
611 3822 747 3898 accipiter
761 3821 837 3878 velut

325 3899 429 3959 Molles
442 3901 598 3975 eolumbas,
612 3912 662 3959 eut
675 3902 799 3977 leporem
813 3899 887 3981 eitus
