2617 4442
175 364 232 423 130
500 316 532 417 Qx
550 358 696 407 HORA'l'll
713 358 837 408 maeel

212 502 337 562 Lubrica
350 514 504 561 nascentes
518 502 637 579 implent
651 501 801 577 conchylia
813 501 897 559 luna.
1124 502 1167 560 ab

213 584 272 641 Sed
286 602 344 642 non
357 602 443 642 ornus
455 601 534 639 mare
548 592 591 639 est
603 600 749 657 generosae
764 580 855 639 fertile
870 590 964 639 teste:

213 660 325 720 Murice
339 661 448 720 Baiano
462 661 560 719 melior
574 659 701 717 Lucrina
714 659 818 735 peloris
826 679 834 729 3

212 741 316 799 Ostrea
326 741 458 812 Circeiis,
473 738 587 797 Miseno
600 740 730 797 oriuntur
743 737 857 807 eclrini;

212 819 378 879 Pectinibus
391 819 496 895 patulis
506 819 595 896 jactat
606 838 637 875 se
651 818 734 877 molle
749 817 918 875 Tarentum.

212 898 278 957 Nec
291 899 345 957 sibi
359 916 505 957 coenarum
518 897 610 973 quivis
623 893 730 955 temere
746 907 857 972 arroget
871 907 970 967 artem,
1123 896 1165 954 35

212 977 281 1036 Non
294 975 373 1055 prids
386 976 487 1035 exacti
501 977 580 1034 tenui
594 975 703 1034 ratione
717 993 857 1051 saporum.

212 1056 278 1115 Nec
291 1054 360 1115 satis
372 1066 416 1114 est
429 1055 496 1113 card
509 1056 602 1130 pisces
616 1073 744 1112 averrere
758 1054 858 1110 mensa

211 1134 348 1212 Ignarum
363 1135 465 1210 quibus
478 1145 521 1192 est
531 1134 578 1210 jus
592 1133 695 1209 aptius,
708 1143 738 1190 et
750 1132 854 1207 quibus
867 1132 938 1190 assis

211 1214 379 1290 Languidus
393 1214 423 1271 in
437 1212 566 1270 cubitum
577 1212 636 1289 jam
650 1232 682 1269 se
695 1212 815 1270 conviva
828 1222 953 1287 reponet.

211 1293 328 1365 Umber,
343 1303 372 1352 et
385 1292 474 1369 iligna
489 1292 612 1349 nutritus
625 1291 740 1367 glande,
755 1291 892 1349 rotundas

212 1372 318 1430 Curvet
331 1391 398 1448 aper
410 1372 508 1429 lauces
522 1390 638 1429 carnem
652 1369 767 1427 vitantis
780 1369 919 1427 inertem:

211 1450 242 1508 N
244 1470 291 1509 arn
304 1450 434 1509 Laurens
447 1449 538 1508 malus
551 1461 605 1523 est,
618 1449 691 1507 ulvis
704 1459 733 1506 et
746 1449 886 1507 arundine
899 1449 1022 1527 pinguis.

210 1531 306 1589 Vinea
319 1530 460 1590 submittit
472 1550 590 1607 capreas
603 1549 661 1588 nou
675 1547 787 1604 semper
800 1528 908 1587 edules.

212 1608 370 1668 Foecundre
382 1610 486 1687 leporis
499 1610 613 1686 sapiens
627 1608 780 1667 sectabitur
794 1628 895 1666 armos.

211 1687 343 1747 Piscibus
357 1700 440 1766 atque
454 1689 628 1764 avibusque
642 1699 745 1745 natura
757 1699 786 1745 et
800 1688 870 1746 foret
884 1698 962 1761 etas,

211 1768 290 1825 Ante
303 1786 399 1825 meum
413 1767 483 1825 nulli
497 1768 589 1842 patuit
601 1767 720 1842 quesite
732 1768 866 1843 palatum.

213 1846 288 1903 Sunt
300 1865 420 1921 quorum
433 1845 582 1922 ingenium
595 1865 670 1904 nova
684 1845 793 1906 tautum
808 1846 934 1905 crustula
945 1844 1057 1923 promit.

211 1922 400 2001 Nequaquam
414 1922 483 1983 satis
496 1926 526 1983 in
540 1944 571 1983 re
584 1924 643 1981 uua
658 1944 826 1983 consumere
840 1944 955 1983 curam:

211 2001 251 2059 Ut
264 2003 288 2060 si
301 2004 363 2080 quis
376 2001 468 2062 solitar
482 2005 546 2077 hoc,
560 2003 636 2062 mala
649 2024 688 2062 ne
701 2004 758 2062 sint
771 2004 846 2077 vina,
859 2004 967 2063 laboret

210 2080 301 2143 Quali
314 2082 465 2158 perfundat
477 2084 570 2159 pisces
584 2102 702 2141 securus
714 2083 796 2141 olivo.

212 2159 339 2220 Massica
352 2160 376 2219 si
390 2161 463 2221 cralo
477 2182 619 2239 supponas
634 2162 700 2220 vina
713 2182 824 2235 sereno,

211 2239 374 2315 Nocturni,
388 2240 492 2317 siquid
506 2243 593 2301 crassi
606 2254 660 2315 est,
674 2242 836 2301 tenuabitur
850 2242 930 2316 auri,

212 2318 250 2379 Et
264 2321 384 2380 decedet
396 2322 465 2380 odor
478 2323 572 2380 nervis
585 2322 735 2393 inimicus;
756 2333 785 2380 at
798 2321 847 2380 illa

212 2399 361 2477 Iutegrum
375 2402 499 2478 perdunt
510 2401 570 2459 lino
584 2401 682 2459 vitiata
694 2420 832 2477 saporem.

213 2480 382 2539 Surrentina
395 2481 471 2539 vafer
484 2481 533 2556 qui
547 2480 649 2538 miscet
664 2481 734 2538 saece
748 2479 871 2537 Falerna

211 2559 298 2632 Vina,
312 2559 475 2618 columbino
487 2556 675 2617 limum‘beue
688 2557 796 2635 colligit
810 2578 878 2629 ovo;

210 2637 366 2700 Quatenus
379 2639 436 2695 ima
448 2639 519 2714 petit
529 2638 643 2697 volvens
657 2638 751 2696 aliena
764 2638 883 2696 vitellus.

211 2714 310 2773 Tostis
323 2729 497 2774 marcentem
511 2718 619 2793 squillis
633 2718 776 2776 recreabis
788 2729 817 2776 et
830 2718 903 2776 Asrai
994 2736 1000 2744 ·

211 2794 344 2852 Potorem
358 2795 493 2866 cochled3
515 2816 581 2857 nam
596 2797 709 2855 lactuca
723 2798 832 2855 innatat
845 2798 904 2856 acri

210 2873 280 2932 Post
292 2874 389 2932 riuum
403 2877 564 2935 stomacho:
584 2876 676 2953 perni
689 2874 781 2953 magis
794 2897 828 2935 ac
842 2874 934 2953 magis
947 2876 1024 2935 hillis

210 2952 334 3029 Flagitat
348 2953 377 3011 iu
392 2974 501 3012 morsus
514 2954 609 3025 refici;
630 2955 700 3031 quin
714 2956 810 3014 omnia
824 2956 912 3030 malit,

209 3032 402 3108 Quaecunque
415 3035 569 3095 immundis
579 3035 689 3092 servent
702 3034 779 3093 illata
791 3034 912 3111 popinis.

210 3109 263 3169 Est
275 3131 368 3188 operae
381 3114 504 3189 pretium
518 3112 641 3190 duplicis
654 3133 824 3190 pernoscere
835 3114 907 3190 juris

210 3189 368 3250 Naturam:
390 3192 509 3269 simplex
522 3212 539 3250 e
552 3193 631 3251 dulci
644 3205 755 3252 constat
768 3193 851 3265 olivo,

208 3270 298 3330 Quod
312 3271 413 3349 pingui
427 3272 547 3330 miscere
561 3292 641 3332 mero
655 3273 804 3347 muriaque
818 3272 942 3345 decebit,

209 3347 279 3407 Non
293 3350 348 3407 alia
362 3349 447 3425 quam
461 3352 518 3427 qua
532 3351 674 3428 Byzantia
687 3352 793 3429 putruit
806 3369 882 3408 orca.

210 3426 277 3485 Hoc
290 3428 340 3485 ubi
354 3430 503 3486 confusum
519 3431 604 3488 sectis
618 3430 754 3487 inferbuit
767 3429 872 3502 herbis,

209 3504 387 3582 Corycioque
401 3526 485 3565 croco
499 3527 626 3583 sparsum
640 3509 726 3582 stetit,
740 3510 855 3585 iusuper
869 3509 958 3566 addes

209 3582 311 3641 Pressa
324 3585 496 3642 Venafranae
510 3587 585 3660 quod
600 3586 689 3644 bacca
702 3588 810 3646 remisit
823 3588 913 3645 olivae,

209 3661 325 3721 Picenis
338 3663 446 3721 cedunt
459 3664 549 3739 pomis
563 3664 697 3723 Tiburtia
706 3686 810 3738 succo;
1125 3666 1165 3724 70

209 3740 286 3799 Nam
302 3742 374 3799 facie
388 3754 530 3817 prestant.
571 3743 724 3802 Venucula
737 3747 872 3805 convenit
884 3746 947 3805 ollis
955 3765 963 3816 ;

167 3852 172 3865 ι
209 3818 333 3879 Rectiirs
347 3821 490 3878 Albanam
506 3822 583 3880 sumo
596 3823 741 3882 duraveris
755 3845 848 3884 uvam.

209 3898 296 3958 Hanc
309 3918 364 3977 ego
376 3918 443 3957 curn
457 3900 548 3975 malis,
562 3920 616 3978 ego
631 3902 731 3961 laecern
744 3905 853 3981 primus
865 3915 895 3963 et
906 3904 997 3977 halec,
