2617 4442
489 359 520 414 Q.
538 357 684 408 HORATII
701 358 835 410 FLACCI.

325 500 443 558 Oooidit
456 499 531 558 Daoi
544 500 689 562 Cotisonis
702 520 821 578 agmen:

325 577 430 637 Medus
443 579 553 638 infestis
567 581 621 637 sibi
635 581 782 639 Iuotuosus

523 658 651 717 Dissidet
665 660 765 717 armis:

326 736 429 809 Servit,
443 737 581 814 Hispanae
596 749 676 796 vetus
690 739 778 796 hostis
790 757 858 811 ore,

326 816 480 890 Cantaber,
497 817 561 874 serti
575 818 700 875 domitus
714 818 833 874 natent:

325 894 391 952 Jam
407 896 521 972 Scythae
536 896 600 953 laxo
614 897 786 954 meditantur
800 914 869 953 arou

523 973 634 1032 Cedere
655 976 772 1050 eampis.

325 1050 496 1128 Negligens,
510 1072 547 1110 ne
561 1055 617 1128 quai
631 1054 752 1130 populus
764 1054 882 1126 laboret,
958 1129 962 1134 ¹

326 1129 417 1188 Parce
431 1132 555 1207 privatus
568 1130 692 1190 nimium
705 1151 806 1190 cavere
817 1152 824 1202 ;

324 1207 409 1270 Dona
421 1210 568 1285 praesentis
582 1229 652 1286 cape
666 1211 747 1268 laetus
761 1212 847 1283 horae,
860 1220 889 1267 et

522 1288 633 1364 Linque
647 1309 753 1348 severa

561 1639 647 1701 ODE
672 1640 761 1700 VIII.

534 1798 575 1837 AD
595 1799 788 1839 muncunlunt.

325 1917 480 1990 Minoum,
496 1915 577 1995 (narn
590 1928 619 1975 te
633 1918 735 1976 dooiIis
748 1899 885 1996 magistro

325 1996 416 2056 Movit
430 1996 576 2072 Amphion
590 1997 700 2074 lapides
714 1999 871 2078 eanend0‚)

325 2076 441 2151 Tuque,
455 2076 578 2147 testudo,
592 2095 725 2134 resonare
740 2088 848 2154 septem

522 2154 635 2212 Callida
647 2156 752 2228 nervis,

325 2233 391 2291 Neo
404 2234 506 2310 loquax
518 2233 586 2290 olim
600 2253 693 2308 neque
707 2246 797 2310 grata,
811 2254 891 2293 nuno
904 2245 934 2296 et

326 2312 455 2371 Divitum
468 2312 575 2370 mensis
588 2324 617 2370 et
631 2313 724 2371 amica
737 2315 859 2391 templis,

325 2391 383 2450 Dio
395 2392 495 2450 modos
508 2391 589 2467 Lyde
602 2393 705 2467 quibus
718 2394 874 2452 obstinatas

522 2471 660 2545 Applioet
673 2491 766 2529 aures.

325 2548 375 2606 Tu
388 2558 468 2624 potes
482 2547 569 2622 tigres
582 2551 757 2624 comitesque
771 2551 855 2609 silvas

325 2626 452 2697 Ducere,
466 2635 496 2682 et
508 2625 582 2682 rivos
596 2627 704 2684 oeleres
717 2630 830 2687 morari.

325 2704 420 2762 Cessit
433 2703 566 2760 immanis
580 2704 631 2762 tibi
644 2705 802 2766 blandIenti

524 2782 636 2841 Ianitor
650 2785 722 2843 aulae

325 2859 485 2932 Cerberus3
506 2863 634 2936 quamvis
649 2864 749 2922 furiale
763 2877 880 2924 eentum

325 2938 461 2998 Muniant
474 2959 583 3016 angues
597 2955 683 3017 eaput
697 2943 768 3019 ejus,
783 2955 867 3021 atque

326 3019 448 3096 Spiritus
461 3029 533 3078 teter
548 3020 698 3095 saniesque
712 3034 809 3080 manet

521 3099 580 3157 Ore
594 3101 730 3176 trilingui.

324 3176 407 3239 Quin
421 3187 451 3236 et
464 3177 548 3236 Ixion
563 3180 720 3256 Tityosque
734 3180 814 3239 vultu

325 3256 404 3315 Risit
417 3257 521 3316 invito:
543 3260 619 3317 stetit
633 3279 705 3316 urna
715 3257 833 3337 paulum

325 3336 421 3409 Sicca,
436 3338 506 3395 dum
518 3349 598 3413 grato
611 3338 708 3397 Danai
721 3339 830 3415 puellas

523 3416 658 3474 Carmine
672 3419 791 3476 mulces.

325 3493 434 3550 Audiat
447 3493 528 3568 Lyde
542 3495 636 3551 scelus
650 3507 830 3571 etquenotes

324 3571 478 3646 Virginum
491 3590 599 3646 prenae,
613 3584 643 3630 et
657 3573 742 3631 inane
755 3573 878 3651 lymphae

325 3647 442 3707 Dolium
456 3649 544 3706 fundo
558 3652 704 3726 pereuntis
717 3653 785 3727 imo,

523 3729 649 3804 Seraque
664 3730 721 3787 fata

324 3806 401 3869 Quae
415 3820 532 3866 manent
546 3809 643 3885 uulpes
658 3809 744 3866 etiam
757 3811 811 3867 sub
821 3811 909 3871 0100.

325 3883 435 3964 Impiae,
451 3885 531 3965 (narn
544 3888 613 3963 quid
626 3886 745 3964 potuere
759 3889 851 3965 majus
858 3890 885 3970 i)

1136 2241 1157 2298 5
