2617 4442
539 363 741 415 CARMINUM
758 366 826 415 LIB.
843 366 865 415 Ι.

362 509 475 569 Imbelli
488 509 598 569 cithari
611 510 740 568 carmina
753 509 879 580 divides;
952 482 969 511 k

518 589 721 666 Nequidquam
735 590 860 648 thalamo
873 607 974 665 graves

362 669 478 743 Hastas,
492 680 522 727 et
535 670 637 727 calami
652 669 762 745 spicula
776 669 889 742 Gnosii,

359 750 482 822 vitabis,
497 750 712 825 strepitumque,
726 760 756 807 et
769 749 892 806 celerem
906 746 986 822 sequi

360 829 499 907 Ajacem:
520 839 626 901 tamen,
641 830 699 886 heu
713 828 809 885 serus!
831 828 972 886 adulteros

518 908 622 966 Crines
635 908 751 985 pulvere
765 907 891 966 collines.

301 1042 310 1052 ,
361 985 429 1046 Non
443 988 628 1058 Laiirtiaden,
642 987 761 1044 exitium
774 996 831 1044 tnae

358 1068 470 1140 Gentis,
484 1087 543 1124 non
558 1066 671 1142 Pylium
685 1065 807 1123 Nestora
821 1063 959 1142 respicisl

359 1146 469 1224 Urgent
482 1146 616 1222 impavidi
630 1156 659 1203 te
675 1145 849 1203 Salaminius

518 1225 644 1299 Teucer,
659 1236 688 1282 te
703 1225 856 1283 Sthenelus
869 1223 964 1281 sciens

360 1305 478 1383 Pugnae,
493 1305 551 1362 sive
565 1325 636 1381 opus
649 1316 693 1363 est
707 1305 868 1381 imperitare
882 1303 972 1379 equis,

358 1384 426 1442 Non
440 1384 539 1460 auriga
552 1384 640 1460 piger.
681 1384 834 1442 Merionen
847 1400 959 1458 quoque

358 1461 479 1523 Nosces.
513 1461 593 1520 Ecce
607 1464 674 1521 furit
687 1474 715 1520 te
728 1463 852 1539 reperire
866 1473 947 1519 atrox

518 1541 659 1616 Tydides
672 1543 772 1599 melior
786 1552 884 1616 patre:

358 1620 458 1684 Quem
472 1630 513 1694 tu,
528 1639 628 1677 cervus
641 1618 683 1677 uti
697 1620 777 1677 vallis
790 1621 821 1677 in
835 1617 925 1676 alteri

358 1701 461 1759 Visum
475 1710 554 1777 parte
568 1700 667 1777 lupum
681 1699 818 1776 graminis
832 1698 990 1771 immemor,

360 1780 483 1838 Sublimi
497 1780 588 1855 fugies
602 1779 695 1837 mollis
708 1778 845 1851 anhelitu,

452 1881 456 1887 ·
515 1857 583 1917 Non
598 1859 653 1916 hoc
666 1859 808 1935 pollicitus
821 1870 887 1916 tue.

358 1937 501 1996 Iracunda
515 1939 592 1996 diem
605 1940 729 2014 proferet
742 1937 798 1996 Ilio

359 2017 553 2094 Matronisque
567 2018 712 2094 Phrygum
726 2017 825 2075 classis
839 2015 984 2075 Achillei:

359 2097 427 2158 Post
440 2108 533 2155 certas
546 2097 655 2154 hiemes
669 2107 733 2154 uret
745 2098 878 2155 tha‘ius

517 2175 599 2254 Ignis
613 2175 786 2253 Pergameas
799 2173 927 2234 domos.'¹

607 2486 692 2545 ODE
712 2487 796 2547 XIV.

611 2626 784 2665 PALINODIA.

359 2729 387 2786 0
401 2747 506 2786 uersu
520 2725 641 2804 pulchris
654 2726 714 2784 filia
726 2726 881 2803 pulchrior,

356 2807 456 2871 Quem
470 2807 630 2866 criminosis
644 2824 759 2882 cunque
773 2807 850 2864 voles
863 2807 980 2866 modum

436 2887 529 2946 Pones
543 2887 660 2956 iambis3
682 2887 741 2943 sive
755 2884 880 2959 flammai,

526 2967 593 3024 Sive
606 2965 678 3023 mari
691 2966 761 3023 libet
775 2965 933 3023 Hadriano.

358 3045 425 3105 Non
439 3046 633 3121 Dindymene,
648 3065 707 3102 non
718 3045 810 3120 adytis
823 3044 913 3120 quatit

357 3125 487 3186 Mentem
501 3126 680 3183 sacerdotum
694 3125 789 3182 incola
802 3123 931 3199 Pythius,

437 3205 506 3263 Non
519 3203 606 3261 Liber
621 3200 713 3277 aeque,
727 3222 786 3260 non
800 3213 885 3259 acuta

516 3283 566 3339 Sic
580 3282 729 3356 geminant
742 3282 920 3354 Corybantes
933 3298 1000 3356 arra,

356 3361 469 3421 Tristes
479 3370 511 3418 ut
524 3361 591 3417 irae:
612 3379 683 3434 quas
696 3377 790 3434 neque
803 3358 929 3417 Noricus
955 3391 960 3401 ‚

356 3442 491 3500 Deterret
503 3440 589 3512 ensis,
603 3458 659 3496 neo
672 3458 749 3496 mare
764 3438 943 3516 naufragum,

435 3518 501 3578 Nec
515 3538 605 3576 saevus
619 3519 704 3596 ignis,
718 3538 773 3576 nec
786 3520 935 3579 tremendo

515 3597 625 3676 Jupiter
639 3599 700 3676 ipse
714 3618 800 3657 ruens
813 3600 945 3659 tumultu.

355 3678 458 3738 Fertur
471 3678 659 3737 Prometheus
673 3680 778 3737 addere
791 3677 914 3755 principi

244 3815 252 3833 ,
355 3758 439 3818 Limo
453 3769 569 3817 coactus
582 3759 750 3836 particulam
764 3758 890 3835 undique

434 3837 597 3912 Desectam,
612 3849 641 3896 et
654 3836 749 3896 insani
763 3837 854 3895 leonis

513 3917 581 3975 vim
596 3918 743 3976 stomacho
757 3916 920 3993 apposuisse
933 3926 1038 3976 nostro.
