2617 4442
453 370 660 420 SATIRARUM
677 370 743 420 ΠΒ.
760 370 782 421 1.

152 515 300 576 Indormis
313 514 437 587 inhians,
452 524 481 572 et
493 524 628 590 tanquam
643 533 760 591 parcere
773 514 864 573 sacris

153 596 288 673 Cogeris,
303 606 352 653 aut
364 594 449 671 pictis
463 605 596 669 tauquam
611 596 737 670 gaudere
751 594 871 652 tabellis.
946 601 1023 634 w.
1095 631 1101 640 ·

152 674 262 733 Nescis
275 694 330 749 quo
343 673 435 731 valeat
447 690 591 746 nummus,
606 693 691 749 quem
703 673 829 749 praebeat
841 673 944 732 usum?

152 754 243 812 Panis
257 764 377 825 ematur,
388 752 461 825 olus,
475 752 533 809 vini
547 752 702 811 sextarius:
724 753 808 826 adde,

151 833 251 895 Queis
265 834 390 890 humana
403 832 456 889 sibi
471 831 566 890 doleat
579 842 683 890 natura
694 833 814 909 negatis.

152 912 207 969 An
221 912 336 988 vigilare
349 923 427 969 metu
441 912 613 984 exanimem,
626 923 782 987 noctesque
796 911 913 989 diesque

98 998 100 1005 '
153 990 323 1050 Formidare
336 991 426 1049 malos
440 990 525 1063 fures,
540 990 685 1064 incendia,
699 1010 804 1063 servos,

152 1070 204 1129 Ne
218 1082 247 1129 te
261 1070 415 1146 compilent
429 1070 579 1147 fugientes,
593 1070 649 1128 hoc
659 1070 759 1147 juvati
779 1070 880 1128 horum

154 1152 277 1227 Semper
290 1170 344 1227 ego
357 1150 479 1225 optbrim
491 1151 688 1226 pauperrimus
701 1168 764 1207 esse
778 1149 966 1207 bonorum—
981 1178 993 1185 ·
1104 1181 1161 1235 (L

154 1230 209 1303 At,
223 1230 248 1287 si
259 1230 405 1287 condoluit
419 1239 558 1287 tentatum
572 1229 676 1305 frigore
690 1248 802 1305 corpus,
1070 1226 1111 1286 80

154 1309 219 1366 Aut
232 1309 305 1367 alius
315 1328 398 1365 casus
411 1309 487 1367 lecto
501 1321 529 1367 te
546 1308 642 1381 affixit,
659 1310 746 1366 habes
759 1310 808 1383 qui

154 1388 301 1460 Assideat,
316 1387 441 1446 fomenta
451 1398 540 1465 paret,
554 1388 699 1445 medicum
713 1398 803 1464 roget,
818 1397 849 1444 ut
861 1397 891 1444 te

155 1467 293 1540 Suscitet‚
305 1486 338 1524 ac
352 1468 453 1526 reddat
466 1468 540 1525 natis
554 1468 683 1542 carisque
696 1467 860 1543 propinquis
867 1467 918 1524 l-
942 1494 948 1509 ·

83 1588 86 1597 .
154 1546 226 1605 Non
239 1566 309 1605 uxor
323 1547 432 1603 salvum
446 1557 474 1604 te
489 1546 557 1619 vult,
571 1566 629 1604 non
643 1546 735 1613 filius:
755 1564 861 1604 omnes·

75 1656 77 1661 ·
154 1626 256 1683 Vicini
269 1626 400 1698 oderunt,
416 1626 486 1699 noti,
500 1626 580 1702 pueri
595 1636 678 1701 atque
692 1626 802 1701 puelle.

111 1768 116 1775 ,
153 1704 282 1778 Miraris,
294 1724 383 1781 quum
397 1716 428 1763 tu
442 1715 560 1782 argento
573 1716 637 1782 post
649 1705 747 1762 omnia
758 1723 859 1779 ponas,

154 1785 189 1844 Si
203 1804 289 1843 nemo
301 1794 424 1861 praestet,
438 1804 523 1861 quem
537 1804 594 1843 non
609 1785 755 1858 merearis,
769 1784 916 1843 amorem?

153 1866 218 1938 An,
232 1864 257 1922 si
270 1874 415 1941 cognatos,
430 1865 508 1923 nullo
521 1874 623 1923 natura
634 1864 732 1923 labore

152 1944 241 2006 Quos
254 1943 306 2001 tibi
320 1945 377 2016 dat,
391 1944 514 2002 retinere
527 1944 606 2017 velis,
621 1963 790 2019 servareque
803 1943 922 2017 amicos,

153 2022 262 2081 Infelix
274 2042 388 2099 operam
401 2025 512 2101 perdas,
527 2035 558 2081 ut
572 2025 596 2082 si
609 2025 674 2099 quis
687 2023 805 2083 asellum

152 2102 193 2161 In
207 2121 309 2179 campo
323 2105 424 2161 doceat
437 2115 584 2180 parentem
598 2123 713 2161 currere
727 2104 842 2161 fraenisl

151 2182 288 2257 Denique
302 2182 339 2241 sit
351 2182 416 2240 finis
429 2183 594 2258 quaerendi3
615 2202 727 2259 quoque
741 2184 847 2241 habeas
856 2180 930 2258 plus,

151 2262 324 2339 Pauperiem
335 2272 445 2319 metuas
458 2259 564 2335 minius,
579 2273 608 2320 et
620 2262 704 2319 finire
717 2261 844 2320 laborem

151 2340 293 2418 Incipias,
306 2353 387 2417 parto
401 2340 476 2416 quod
490 2342 609 2411 avebas;
631 2360 668 2398 ne
682 2341 771 2398 facias
783 2341 859 2416 quod

152 2421 318 2481 Ummidius
331 2420 457 2496 quidam,
472 2438 529 2478 non
540 2419 626 2496 longa
639 2430 684 2478 est
697 2419 801 2493 fabula,
815 2420 895 2477 dives

151 2500 195 2559 Ut
208 2501 355 2559 metiretur
369 2518 519 2569 nummos;
540 2499 581 2557 ita
594 2500 734 2571 sordidus,
749 2510 780 2557 ut
793 2519 824 2557 se

151 2579 225 2639 Non
240 2598 364 2655 unquam
379 2597 459 2637 servo
472 2577 576 2637 melius
589 2580 720 2650 vestiret3
742 2581 882 2656 adusque
958 2632 961 2637 .

152 2660 329 2736 Supremum
342 2669 464 2734 tempus,
480 2678 560 2716 nese
573 2660 694 2735 penuria
704 2660 796 2717 victris

150 2738 346 2816 Opprimeret,
361 2740 513 2797 metuebat.
548 2739 589 2797 At
603 2740 681 2797 huno
695 2740 795 2797 liberta
808 2738 902 2799 securi

151 2818 260 2877 Divisit
273 2818 410 2891 medium,
425 2818 577 2878 fortissima
590 2818 872 2895 Tyndaridarum-
1051 2820 1109 2877 100

150 2898 238 2961 Quid
250 2897 291 2956 ml
306 2898 392 2975 igitur
405 2899 527 2957 suadesl
548 2909 581 2957 ut
593 2899 686 2957 vivam
699 2898 728 2955 N
731 2899 836 2957 aeviusl
855 2908 906 2956 aut
917 2898 961 2957 sic

151 2978 195 3036 Ut
208 2978 409 3037 Nomentanus
417 2978 568 3055 l-Pergis
580 2978 739 3055 pugnantia
752 2997 851 3037 secum

151 3056 310 3117 Frontibus
323 3057 447 3116 adversis
460 3060 651 3134 componerel
685 3058 754 3117 Non
768 3077 832 3133 ego,
847 3075 963 3114 avarum

151 3135 257 3199 Quum
271 3146 334 3195 veto
347 3148 375 3195 te
389 3136 459 3210 fieri,
473 3157 593 3214 vappam
604 3138 692 3213 jubeo
706 3157 741 3195 ae
754 3136 936 3195 nebulonem.

152 3216 210 3275 Est
222 3216 297 3275 inter
310 3216 435 3273 Tanaim
447 3218 583 3293 quiddam
597 3234 786 3291 socerumque
799 3213 911 3272 Viselli.
1052 3215 1109 3274 105

152 3295 209 3354 Est
222 3296 323 3354 modus
337 3296 367 3353 in
380 3296 474 3369 rebus,
488 3308 555 3353 sunt
568 3295 639 3352 certi
653 3294 776 3369 denique
790 3293 872 3365 fines,

152 3375 240 3438 Quos
253 3374 326 3433 ultra
340 3375 466 3450 citraque
480 3375 579 3450 nequit
592 3373 750 3431 consistere
763 3381 883 3431 rectum.

195 3453 280 3528 Illuc,
293 3455 372 3515 unde
386 3454 454 3526 abii,
468 3455 562 3511 redeo.
597 3453 722 3512 Nemon’
737 3464 769 3511 ut
782 3471 883 3509 avarus

155 3534 195 3591 Se
208 3534 316 3631 probet,
331 3544 360 3591 at
372 3531 469 3609 potiris
482 3532 579 3591 laudet
593 3533 704 3591 diversa
716 3533 888 3608 sequentes?

153 3611 300 3688 Quodque
315 3613 410 3671 aliena
423 3612 533 3687 capella
545 3622 625 3688 gerat
638 3612 790 3671 distentius
803 3612 884 3687 uber,
1052 3612 1110 3673 110

155 3689 321 3750 Tabescatl
342 3710 437 3767 neque
448 3711 479 3748 se
493 3692 592 3768 majori
605 3693 806 3769 pauperiorum

155 3769 263 3829 Turbae
277 3772 443 3849 comparetl
464 3772 541 3828 hunc
556 3783 639 3847 atque
654 3772 732 3829 hune
745 3790 878 3848 superare
892 3770 1022 3831 laborett

156 3850 206 3908 Sic
220 3850 366 3909 festinanti
380 3870 491 3927 semper
505 3850 672 3927 locupletior
684 3853 795 3909 obstat:

155 3928 202 4005 Ut,
215 3947 305 4007 quum
319 3930 483 3989 carceribus
496 3931 596 3989 missos
610 3931 683 4008 rapit
693 3933 801 4005 ungula
814 3949 924 4005 currus,
