2617 4442
468 359 669 409 CARMINUM
685 358 751 406 LIB.
769 359 792 408 Ι.

290 504 381 568 Quod
394 504 468 562 latus
482 502 582 560 mundi
595 500 709 559 nebulae
722 501 871 578 malusque

488 581 600 658 Jupiter
614 584 716 656 urget}

291 664 369 721 Pone
383 660 436 718 sub
450 680 535 718 curru
548 655 672 717 nimibm
684 659 835 737 propinqui

291 742 375 813 Solis,
389 741 420 798 in
433 740 509 797 terrd
523 739 654 796 domibus
668 740 792 814 negotii:

291 817 385 879 Dulce
398 819 541 877 ridentem
554 817 682 892 Lalagen
695 819 807 892 amsb0,

422 959 425 966 ,
487 895 583 956 Dulce
597 897 769 972 loquentem.

539 1201 629 1272 ¹ODE
642 1215 713 1273 XX.

517 1351 558 1391 An
578 1353 746 1394 vlnerum.

292 1454 373 1518 Quls
387 1452 528 1511 desiderio
541 1453 577 1510 sit
589 1454 680 1529 pudor
693 1463 744 1510 aut
755 1452 857 1511 modus

293 1534 372 1592 Tam
385 1533 445 1590 cari
459 1531 578 1606 capitisl
611 1532 740 1607 Praecipe
752 1531 888 1607 lugubres

292 1613 413 1683 Cantus,
428 1608 619 1685 Melpomene,
634 1611 682 1667 cui
695 1610 831 1685 liquidam
843 1610 929 1668 Pater

373 1690 483 1748 Vocem
497 1707 564 1745 cum
578 1689 689 1747 cithare
701 1689 789 1747 dedit.

294 1770 373 1847 Ergo
384 1767 578 1830 Quinctilium
591 1778 745 1845 perpetuus
758 1787 841 1845 sopor

294 1849 400 1927 Urgetl
422 1847 470 1905 cni
483 1846 588 1920 Pudor,
602 1857 632 1904 et
644 1846 663 1904 J
665 1848 769 1906 ustitiae
782 1867 861 1907 soror

295 1928 464 2004 Incorrupta
476 1925 574 1999 Fides,
587 1928 721 2002 nudaque
735 1927 859 2001 Veritas,

370 2006 498 2068 Quando
511 2005 600 2063 ullum
615 2007 741 2065 inveniet
752 2007 871 2082 peremi

294 2085 393 2146 Multis
406 2085 454 2143 ille
467 2085 550 2142 bonis
563 2085 666 2143 flebilis
678 2086 801 2155 occidit3

295 2164 377 2223 Nulli
390 2164 508 2222 flebilior
521 2162 608 2240 qudm
621 2165 684 2238 tibi,
697 2165 809 2241 virgili.

294 2244 344 2304 Tu
358 2241 462 2302 frustrd
474 2244 549 2319 pius,
564 2245 637 2302 heu!
660 2264 719 2302 non
732 2244 773 2302 ita
786 2242 927 2302 creditum

373 2321 472 2380 Poscis
484 2320 679 2382 Quinctilium
692 2322 770 2379 deos.

294 2397 386 2465 Qudd
399 2400 424 2457 si
437 2399 577 2456 Threicio
590 2397 725 2457 blandibs
737 2398 855 2476 Orpheo

295 2480 435 2541 Auditum
448 2477 596 2536 moderere
610 2479 756 2536 arboribus
769 2479 866 2554 fidem,

296 2559 365 2618 Non
379 2576 459 2614 vanae
473 2557 571 2614 redeat
582 2557 699 2634 sanguis
712 2558 831 2634 imagini

375 2636 475 2698 Quam
488 2635 567 2713 virgei
581 2636 669 2695 semel
683 2638 808 2712 horridd,

295 2717 363 2776 Non
376 2716 450 2775 lenis
462 2717 595 2793 precibus
609 2717 667 2774 fota
679 2717 837 2791 recludere,

296 2795 388 2873 Nigro
401 2794 569 2871 compulerit
582 2794 745 2853 Mercurius
757 2797 847 2875 gregi.

296 2875 408 2934 Durum
419 2875 427 2933 l
450 2874 509 2932 Sed
522 2875 614 2933 levius
626 2875 659 2933 fit
671 2875 809 2952 patientid

245 3022 248 3034 ,
373 2953 524 3030 Quidquid
537 2955 679 3031 corrigere
693 2965 737 3012 est
749 2954 838 3013 nefus.

546 3222 733 3326 onnxiu.

502 3402 543 3441 DE
565 3401 643 3440 AELIO
664 3401 767 3443 LAMIA.

299 3507 397 3566 Musrs
411 3504 530 3576 amicus,
544 3503 686 3562 tristitiam
699 3514 728 3562 et
742 3515 834 3563 metus

299 3586 426 3644 Tradam
439 3583 576 3660 protervis
588 3583 618 3640 in
632 3602 711 3640 mare
725 3583 871 3644 Creticum

338 3665 454 3722 Portare
467 3663 574 3722 ventis:
595 3661 659 3737 quis
672 3663 726 3720 sub
740 3663 829 3723 Arcto

378 3742 446 3800 Rex
458 3742 559 3818 gelidae
573 3752 715 3800 metuatur
728 3761 794 3815 orae,

299 3821 380 3884 Quid
395 3821 552 3880 Teridaten
566 3831 679 3892 terreat,
693 3818 780 3878 unice

302 3902 435 3959 Securus.
476 3901 514 3975 Ο,
528 3919 591 3976 quae
605 3901 731 3958 fontibus
745 3900 863 3977 integris
