2617 4442
480 369 680 420 CARMINUM
696 371 762 420 LlB.
779 371 830 421 111.

317 509 417 588 Impiae
431 530 549 588 sponsos
562 509 681 589 potuere
696 513 768 572 duro

513 591 637 649 Perdere
651 593 743 650 ferrol

317 669 382 727 Una
395 670 431 727 de
445 671 552 743 multis,
567 672 630 728 face
644 671 765 748 nuptiali

316 748 422 824 Digna,
436 749 581 825 perjurum
595 751 648 807 fuit
663 751 692 806 in
705 760 852 827 parentem

318 825 474 904 Splendidd
490 830 623 900 mendax,
637 839 667 886 et
680 829 710 885 in
724 847 809 887 omne
823 830 902 906 virgo

515 906 629 965 Nobilis
644 925 753 965 rerum:

271 1051 273 1053 ,
318 989 337 1017 “
347 985 468 1063 Surge,'’
483 1005 546 1062 quae
561 986 632 1043 dixit
642 986 741 1062 juveni
755 987 866 1060 marito,

318 1069 336 1097 ‘⁴
344 1066 446 1141 Surge,
460 1084 498 1123 ne
511 1065 614 1141 longus
628 1066 680 1122 tibi
694 1084 820 1139 somnus,
835 1066 913 1124 unde

317 1144 385 1203 Non
399 1145 492 1216 times,
506 1145 605 1203 detur:
626 1163 758 1202 socerum
772 1157 801 1203 et
814 1146 950 1204 scelestas

513 1223 734 1294 Fallesorores3

316 1301 403 1375 Qua,
417 1302 494 1360 velut
507 1313 599 1360 naotae
613 1303 715 1361 vitulos
728 1304 838 1376 leaenee,

318 1381 462 1457 Singulos,
476 1382 566 1439 eheul
588 1381 723 1440 lacerant.
764 1381 838 1458 Ego,
852 1381 907 1440 illis

317 1458 444 1533 Mollior,
458 1478 513 1517 neo
526 1471 555 1516 te
569 1461 678 1533 feriam,
691 1479 785 1535 neque
798 1462 874 1518 intra

517 1537 648 1594 Claustra
661 1540 775 1596 tenebo.

318 1616 369 1674 Me
382 1627 464 1693 pater
477 1616 558 1674 saevis
571 1627 671 1674 oneret
684 1617 804 1689 eatenis,

316 1693 408 1758 Quod
422 1696 481 1754 viro
495 1696 623 1753 olemens
636 1696 741 1754 misero
754 1696 885 1772 peperoi;

317 1774 368 1833 Me
381 1775 426 1834 vel
439 1785 581 1834 extremos
594 1774 787 1834 Numidarum
800 1776 831 1833 in
845 1794 928 1853 agros

515 1854 615 1911 Classe
629 1854 745 1930 releget.

317 1935 333 1992 1
345 1936 434 2012 pedes
447 1929 503 2008 qud
518 1944 546 1990 te
559 1933 674 2009 rapiunt
687 1945 716 1990 et
730 1953 815 2007 aurae,

316 2013 394 2072 Dum
408 2013 482 2070 favet
495 2031 552 2070 nor
564 2023 594 2070 et
607 2012 726 2071 Venus:
746 2013 756 2070 i
769 2014 899 2072 seeundo

317 2091 433 2166 Omine,
447 2103 476 2150 et
489 2092 578 2149 nostri
591 2110 747 2149 memorem
761 2092 892 2168 sepuloro

514 2170 618 2246 Soalpe
631 2171 804 2247 querelam.''

574 2481 659 2541 ODE
679 2482 734 2542 IX.

455 2622 496 2661 An
516 2621 640 2660 FONTEM
660 2621 847 2662 BANDUSIUM.

317 2725 346 2784 Ο
360 2741 436 2782 rons
450 2721 614 2794 Bandusiae,
628 2721 802 2798 splendidior
816 2723 897 2795 vitro,

316 2802 402 2861 Duloi
416 2802 502 2879 digne
515 2820 594 2858 mero
608 2820 666 2858 non
680 2801 743 2858 sine
757 2801 883 2876 floribus,

512 2880 585 2937 Cras
598 2880 750 2938 donaberis
764 2881 857 2952 haedo,

474 2959 530 3016 Oui
544 2958 621 3016 frons
635 2960 749 3035 turgida
763 2961 897 3017 cornibus

316 3039 428 3110 Primis,
442 3048 471 3096 et
484 3038 628 3095 Venerem
641 3048 671 3096 et
683 3039 783 3114 proelia
796 3039 937 3098 destinat:

315 3115 448 3188 Frustri;
469 3136 535 3174 nam
549 3117 659 3200 gelidos
672 3117 781 3174 inficiet
792 3117 845 3174 tibi

511 3196 614 3252 Rubro
627 3196 768 3269 sanguine
782 3197 856 3252 rivos

472 3273 586 3330 Lasoivi
601 3273 713 3328 soboles
726 3273 829 3347 gregis.

316 3352 363 3411 Te
375 3351 522 3428 flagrantis
536 3359 614 3406 atrox
633 3351 703 3406 hora
716 3350 864 3407 Canioulae

314 3431 416 3489 Nesoit
428 3440 562 3505 tangere:
583 3439 614 3485 tu
628 3428 717 3505 frigus
730 3429 851 3488 amabile

511 3506 608 3564 Fessis
621 3527 734 3566 vomere
748 3509 836 3566 tauris

472 3587 585 3644 Praebes
598 3598 626 3645 et
639 3588 736 3663 peoori
749 3607 828 3665 vago.

313 3666 382 3726 Fies
395 3666 533 3725 nobilium
546 3676 577 3723 tu
591 3685 701 3742 quoqne
716 3667 845 3741 fontium,

315 3744 366 3804 Me
380 3746 495 3804 dicente
508 3745 585 3802 eavis
598 3747 759 3822 impositam
770 3748 867 3805 ilicem

511 3824 603 3897 Saxis,
617 3826 695 3882 unde
709 3825 842 3900 loquaces

471 3904 608 3979 Lymphae
622 3904 758 3962 desiliunt
771 3915 836 3962 tuae.
