2617 4442
164 420 220 481 171
482 418 514 477 Q.
531 416 679 468 nouum
696 416 829 466 thucca

201 562 372 623 Mansemnt
385 563 525 640 hodieque
539 570 658 621 manent
667 558 785 637 vestigia
794 559 877 619 mris.
1102 564 1157 623 1611

202 646 290 702 Serus
303 644 380 703 cuim
394 643 504 701 Grecis
518 642 642 701 admovit
655 640 789 699 acumina
801 639 924 711 chartis余

200 722 247 796 Et,
261 734 324 799 post
338 723 450 782 Punica
462 723 536 780 bella
549 722 671 798 quietus,
683 737 810 795 querere
823 720 910 797 coepit

199 803 281 864 Quid
296 802 453 879 Sophocles
467 813 496 860 et
506 800 632 877 Thespis
645 811 675 857 et
685 799 840 874 AEschylus
855 799 925 857 utile
938 799 1054 859 ferrent

200 880 337 941 Tentarit
348 900 459 959 qunque
471 900 533 939 rem
547 881 571 939 si
585 876 673 955 digne
687 889 795 936 vertere
807 888 920 954 posset3

200 959 238 1019 Et
251 961 359 1038 placuit
372 961 435 1034 sibi,
449 960 551 1019 natura
564 958 694 1017 sublimis
707 968 737 1015 et
750 975 830 1015 acer:
1098 960 1153 1019 165

199 1039 278 1098 Nam
292 1042 378 1117 spirat
391 1042 530 1117 tragicum
546 1036 624 1111 satir,
635 1049 665 1096 et
678 1037 797 1095 feliciter
809 1037 912 1107 audet3

200 1120 258 1177 Sed
273 1130 384 1197 turpem
397 1129 477 1196 putat
490 1115 593 1177 inscite
606 1118 762 1191 metuitque
775 1116 898 1173 lituram.

239 1197 383 1272 Creditur,
397 1218 434 1256 ex
447 1198 542 1256 medio
555 1198 621 1273 quia
635 1215 682 1254 res
695 1195 822 1267 arcessit,
833 1195 940 1254 babere

200 1278 319 1336 Sudcris
329 1278 489 1349 minimum,
503 1277 553 1335 sed
568 1275 654 1335 habet
668 1275 818 1333 Comoedia
832 1272 913 1332 tantd

198 1357 268 1415 Plus
281 1358 385 1430 oneris,
399 1354 505 1433 quanti)
520 1356 610 1414 veniae
624 1355 728 1412 minus.
771 1355 880 1430 Aspice
892 1353 1012 1412 Plautus
1094 1356 1152 1413 170

198 1436 268 1499 Quo
281 1448 365 1514 pacto
377 1448 471 1513 parter
485 1446 590 1493 tutetur
603 1434 726 1492 amantis
739 1434 852 1509 ephebi,

199 1515 239 1573 Ut
250 1508 463 1593 patris'attenti,
477 1516 588 1574 lenonis
601 1526 633 1572 ut
647 1513 792 1571 insidiosi:

198 1596 335 1657 Quantus
348 1596 384 1655 sit
396 1594 564 1654 Dossennus
577 1593 714 1653 edacibus
727 1594 757 1650 in
770 1592 900 1669 parasitis
911 1612 919 1663 余

198 1672 299 1736 Quum
313 1694 371 1734 non
386 1676 501 1733 astricto
513 1684 660 1750 percurrat
672 1673 781 1749 pulpita
794 1690 888 1730 socco.

199 1754 293 1812 Gestit
305 1756 383 1813 enim
396 1772 545 1812 nummum
560 1754 590 1812 in
604 1752 714 1811 loculos
724 1752 885 1825 demittere,
898 1763 962 1828 post
975 1753 1030 1811 hoc
1092 1753 1151 1810 175

197 1834 326 1891 Securus
339 1834 423 1891 cadat
437 1853 473 1890 an
487 1843 565 1891 recto
576 1844 632 1890 stet
645 1832 741 1889 fabula
753 1831 818 1889 talo.

236 1912 335 1973 Quem
349 1912 413 1970 tulit
426 1913 463 1969 ad
474 1930 590 1969 scenam
603 1922 721 1969 ventoso
732 1911 831 1968 Gloria
844 1928 941 1983 curru,

199 1988 352 2049 Exanimat
365 1990 460 2048 lentus
473 2002 623 2067 spectator,
639 1991 756 2047 sedulus
769 1989 857 2047 inflat.

199 2070 248 2127 Sic
262 2070 334 2143 leve,
345 2071 387 2128 sic
400 2088 516 2146 parvum
531 2081 583 2143 ert,
599 2070 726 2128 animum
741 2070 816 2145 quod
830 2068 923 2127 laudis
933 2088 1048 2127 avarum

199 2148 317 2207 Subruit
330 2169 365 2208 ac
378 2149 476 2207 reficit.
518 2150 620 2207 Valeat
634 2168 680 2207 res
693 2150 814 2222 ludicra,
829 2150 852 2206 si
866 2167 912 2206 me
1093 2149 1150 2208 lsu

197 2227 297 2287 Palma
309 2240 414 2306 negata
427 2248 565 2303 macrum,
579 2230 685 2287 donata
698 2229 810 2287 reducit
821 2228 957 2305 opimum.

238 2306 322 2386 Saepd
337 2310 422 2368 etiam
437 2310 575 2367 audacem
590 2309 669 2385 fugat
683 2310 748 2381 hoc,
762 2319 904 2384 terretque
916 2312 1041 2383 po'e'tam,

196 2389 286 2450 Quod
302 2408 421 2448 numero
433 2389 537 2466 plures,
552 2391 654 2447 virtute
667 2398 697 2445 et
710 2389 817 2446 honore
830 2388 964 2460 minores,

198 2466 312 2527 Indocti
326 2469 485 2544 stolidique,
500 2481 529 2527 et
543 2470 708 2544 depugnare
721 2467 811 2544 parati

198 2548 230 2604 Si
245 2548 388 2605 discordet
400 2567 496 2623 eques,
511 2549 606 2605 media
621 2549 694 2605 inter
708 2547 836 2604 carmina
848 2556 971 2622 poscunt
1093 2546 1149 2605 185

198 2626 259 2684 Aut
272 2645 380 2698 ursum,
396 2637 444 2683 aut
457 2628 583 2703 pugiles:
605 2628 650 2684 his
665 2645 732 2684 nam
742 2626 891 2702 plebecula
903 2625 1018 2701 gaudet.

196 2702 307 2763 Verdm
320 2706 407 2780 equiti
421 2724 531 2781 quoque
542 2706 602 2783 jam
616 2705 747 2783 migravit
760 2706 796 2763 ab
810 2724 878 2763 aure
891 2705 1019 2781 voluptas

196 2781 300 2841 Omnis
314 2785 350 2841 ad
365 2784 489 2843 incertos
502 2785 600 2843 oculos
614 2797 643 2843 et
656 2786 762 2861 gaudia
774 2804 855 2842 vana.

195 2862 329 2924 Quatuor
342 2874 391 2921 aut
403 2864 499 2940 plures
513 2865 603 2922 aulaea
615 2875 782 2942 premuntur
796 2866 826 2922 in
841 2865 933 2936 horas,

195 2939 274 2997 Dum
288 2942 400 3017 lugiunt
413 2944 540 3019 equitum
555 2955 655 3001 turmae
666 2944 850 3021 peditumque
865 2955 984 3001 catervae
992 2962 1000 3013 余
1093 2943 1148 3001 190

196 3018 267 3078 Mox
279 3021 399 3079 trahitur
413 3022 545 3080 manibus
558 3042 658 3099 regum
674 3025 787 3082 fortuna
799 3023 927 3094 retortis余

195 3098 306 3159 Esseda
320 3101 462 3175 festinent,
476 3103 592 3179 pilenta,
606 3103 750 3179 petorrita,
765 3121 868 3173 naves3

195 3179 345 3256 Captivum
359 3192 485 3258 portatur
499 3183 579 3256 ebur,
594 3183 705 3258 captiva
718 3182 883 3240 Corinthus.

195 3260 227 3317 Si
242 3260 313 3320 foret
327 3261 357 3319 in
371 3263 462 3337 terriS,
477 3263 582 3321 rideret
595 3262 787 3333 Democritus,
803 3280 853 3317 seu

195 3338 345 3398 Diversum
360 3342 479 3399 confusa
492 3360 583 3419 genus
596 3343 735 3419 panthera
749 3341 869 3413 camelo,
1091 3338 1147 3397 195

194 3418 262 3476 Sive
275 3419 390 3495 elephas
404 3421 484 3478 albus
498 3422 572 3497 vulgi
587 3430 764 3480 converteret
777 3438 843 3477 ora:

195 3496 343 3572 Spectaret
356 3499 490 3574 populum
504 3499 580 3557 ludis
594 3498 730 3558 attentius
744 3499 821 3575 ipsis,

193 3574 233 3632 Ut
246 3575 300 3633 sibi
313 3576 486 3651 prebentem
500 3578 588 3636 mimo
601 3580 764 3655 spectacula
777 3578 867 3655 plura.

195 3654 353 3731 Scriptores
367 3666 461 3712 autem
475 3674 589 3713 narrare
602 3668 715 3733 putaret
729 3658 816 3715 asello

194 3731 340 3791 Fabellam
354 3734 456 3792 surdo:
478 3753 544 3791 nam
558 3754 621 3810 quae
635 3738 802 3811 pervincere
816 3754 899 3793 voces
1087 3732 1147 3792 200

194 3810 335 3869 Evaludre
349 3831 450 3869 sonum
465 3813 591 3871 referunt
604 3833 690 3890 quem
704 3827 800 3873 nostra
814 3813 948 3872 theatra?

193 3888 359 3965 Garganum
374 3892 484 3967 mugire
497 3904 579 3967 putes
593 3912 705 3964 nemus,
720 3905 769 3951 aut
783 3912 861 3951 mare
875 3893 1026 3949 Tuscum:

194 3964 291 4025 'l'auto
304 3986 370 4026 cum
385 3970 503 4047 strepitu
517 3970 576 4028 ludi
590 3982 754 4048 spectantur
767 3982 797 4029 et
807 3982 882 4030 artes
