2617 4442
212 374 252 433 96
541 370 572 427 Q.
591 367 739 419 Honsrn
754 366 879 417 mem

254 513 408 591 Sisyphus:
430 512 509 571 hunc
522 512 643 584 Varum,
654 510 780 569 distortis
792 510 942 581 cruribus;
962 511 1044 571 illum

171 590 176 607 '
254 591 382 651 Balbutit
396 592 547 665 Scaurum,
560 590 655 667 pravis
671 590 772 649 sultum
786 588 862 649 male
875 590 949 649 talis.

253 668 372 730 Parcius
386 671 433 729 hic
448 671 532 729 vivitl
553 671 629 747 frugi
643 670 771 728 dicatur:
792 670 907 745 ineptus

253 750 291 809 Et
301 750 452 827 jactantior
466 750 514 807 hic
528 746 613 827 pauld
628 750 692 807 estl
712 749 873 807 concinnus
886 748 987 807 amicis

253 828 380 888 Postulat
393 840 425 887 ut
438 829 566 887 videatur
579 848 585 887 :
606 839 635 887 at
648 842 692 886 est
703 828 900 900 truculentior,
915 839 999 903 strue

253 906 323 967 Plus
337 928 417 985 aequo
430 908 521 965 liberl
541 908 662 984 simplex
676 907 809 990 sortisque
822 907 968 965 habeatur.

254 988 369 1045 Caldior
383 988 449 1045 estl
470 1006 550 1045 acres
563 987 637 1045 inter
651 997 832 1045 numeretur:
852 986 964 1063 opinor,

254 1067 328 1124 Haec
341 1086 386 1125 res
401 1076 429 1124 et
440 1066 544 1142 jungit,
556 1066 672 1142 junctos
685 1076 715 1123 et
728 1076 820 1124 servat
833 1066 949 1125 amicos.

254 1147 295 1203 At
308 1165 360 1203 nos
374 1146 490 1203 virtutes
502 1146 577 1221 ipsas
591 1146 766 1217 invertimus,
780 1156 865 1222 atque

254 1226 406 1283 Sincerum
420 1225 552 1301 cupimus
565 1244 614 1283 vas
628 1225 795 1283 incrustare.
830 1224 940 1283 Probus
953 1224 1016 1299 quis

253 1304 414 1361 Nobiscum
427 1304 510 1375 vivit;
532 1301 653 1363 multum
668 1314 712 1362 est
725 1304 865 1361 demissus
878 1305 980 1363 homo:
999 1303 1041 1362 illi

253 1382 352 1441 Tardo
365 1402 525 1459 cognomen
538 1384 639 1461 pingui
653 1384 770 1441 damus:
791 1384 840 1441 hic
854 1382 927 1459 fugit
939 1402 1039 1442 omnes

252 1461 386 1536 Insidias,
400 1463 526 1539 nullique
540 1464 614 1521 malo
627 1463 701 1521 latus
713 1462 792 1521 obdit
806 1474 945 1538 apertum,

251 1542 354 1604 Quum
368 1561 460 1619 genus
474 1544 528 1600 hoc
542 1543 616 1601 inter
630 1543 694 1600 vitae
708 1552 844 1614 versetur,
858 1541 908 1598 ubi
922 1540 996 1601 acris

252 1620 366 1679 Invidia
380 1632 463 1697 atque
477 1622 574 1698 vigent
588 1622 637 1679 ubi
651 1621 773 1679 crimina
781 1641 788 1691 ;
810 1641 863 1697 pro
875 1622 949 1679 bene
963 1640 1034 1680 sano

252 1701 299 1759 Ac
313 1720 371 1757 non
386 1701 512 1774 incauto,
526 1701 624 1759 fictum
639 1711 820 1776 astutumque
834 1720 976 1759 vocamus.

253 1779 414 1854 Simplicior
427 1780 500 1854 quiS,
514 1791 543 1837 et
556 1791 600 1837 est
612 1782 724 1856 qualem
738 1800 784 1837 me
798 1778 874 1856 saepe
888 1780 1008 1839 libenter

252 1858 414 1915 Obtulerim
429 1858 490 1931 tibi,
505 1858 661 1932 Maecenas,
676 1870 708 1916 ut
722 1857 793 1917 sorte
807 1860 951 1936 legentem

252 1939 314 1995 Aut
326 1937 443 1997 tacitum
459 1938 585 2015 impellat
597 1940 696 2014 quovis
709 1941 863 1997 sermonel
884 1944 901 1970 “
914 1938 1070 1997 Molestus!

252 2018 406 2076 Communi
421 2036 507 2075 sensu
520 2014 607 2093 plane
621 2019 728 2089 caret,'’
743 2013 896 2094 inquimus.
930 2018 1033 2076 Eheu!

251 2095 351 2159 Quum
365 2095 473 2157 temere
487 2097 517 2155 in
532 2109 643 2156 nosmet
657 2097 749 2173 legem
763 2097 909 2155 sancimus
923 2097 1065 2173 iniquam!

252 2175 328 2233 Nam
343 2175 417 2233 vitiis
430 2196 515 2235 ncrno
529 2178 591 2235 sine
605 2177 751 2235 nascitur:
772 2177 896 2253 optimus
909 2177 956 2234 ille
970 2187 1014 2235 est

251 2254 314 2317 Qui
328 2255 454 2314 minimis
470 2267 593 2333 urgetur.
634 2258 756 2314 Amicus
769 2256 871 2328 dulcis,
883 2267 915 2313 ut
928 2275 1040 2332 aequum
1054 2266 1107 2331 est,

251 2334 353 2396 Quum
367 2355 431 2393 mea
445 2347 611 2411 compenset
624 2336 700 2394 vitiis
714 2336 797 2408 bona,
812 2336 940 2413 pluribus
952 2336 1043 2410 hisce,
1163 2336 1207 2394 70

252 2414 284 2471 Si
299 2413 384 2473 modd
398 2416 479 2491 plura
493 2416 563 2473 mihi
577 2416 652 2474 bona
666 2427 742 2488 sunt,
758 2416 893 2473 inclinet:
914 2415 1003 2473 amari

253 2494 285 2550 Si
299 2495 374 2553 volet
388 2496 442 2553 hac
457 2496 531 2571 lege,
546 2496 576 2553 in
591 2496 698 2553 trutinis
712 2506 832 2571 ponetur
846 2494 956 2553 eidem.

251 2572 313 2634 Qui
327 2592 364 2631 ne
378 2575 525 2632 tuberibus
538 2575 658 2650 propriis
671 2574 798 2632 offendat
811 2574 936 2631 amicum

251 2651 388 2725 Postulat,
404 2654 533 2728 ignoscet
546 2654 671 2710 verrucis
686 2652 778 2710 illius:
799 2672 911 2728 aequum
925 2664 968 2712 est

251 2730 381 2788 Peccatis
395 2731 506 2789 veniam
520 2743 685 2808 poscentem
700 2734 819 2790 reddere
834 2752 938 2790 rursus.
1165 2734 1207 2790 75

291 2809 432 2885 Denique,
446 2813 587 2887 quatenus
601 2811 696 2870 excidi
710 2809 826 2888 penitus
839 2812 938 2869 vitium
952 2811 1013 2885 irae,

251 2888 363 2946 Caetera
376 2891 445 2947 item
460 2902 606 2966 nequeunt
619 2891 712 2949 stultis
726 2892 878 2950 haerentia:
900 2910 952 2949 cur
965 2911 1024 2949 non

251 2967 428 3026 Ponderibus
442 2971 618 3046 modulisque
632 2972 691 3028 suis
705 2972 776 3029 ratio
790 2971 887 3043 utitur,
901 2990 995 3029 acres

250 3046 289 3105 Ut
302 3066 420 3124 qumque
434 3061 485 3123 est,
501 3050 540 3107 ita
553 3051 700 3127 suppliciis
713 3050 818 3109 delicta
831 3052 966 3109 coercetl

249 3125 282 3182 Si
297 3128 359 3204 quis
373 3148 439 3186 cum
453 3148 575 3203 servum,
589 3130 717 3205 patinam
730 3130 780 3205 qui
793 3130 890 3188 tollere
900 3129 997 3206 jussus
1164 3128 1205 3187 80

251 3208 384 3266 Semesos
397 3210 490 3285 pisces
504 3210 689 3286 tepidumque
703 3208 856 3285 ligurrierit
867 3208 924 3285 jus,

250 3286 285 3344 In
299 3308 385 3345 cruce
400 3290 522 3367 suffigat,
536 3290 671 3347 Labeone
686 3289 812 3346 insanior
825 3289 899 3345 inter

250 3366 342 3425 Sanos
356 3368 475 3425 dicatur.
509 3366 630 3430 Quanto
645 3370 700 3426 hoc
714 3366 847 3425 mriosius
860 3378 944 3442 atque

249 3442 344 3520 Majus
357 3459 506 3521 peccatum
521 3448 579 3506 est!
614 3445 737 3505 Paulum
751 3446 868 3523 deliquit
882 3446 992 3504 amicus

251 3521 353 3599 (Quod
368 3524 423 3581 nisi
437 3526 589 3603 concedas
604 3526 727 3584 habeare
738 3526 896 3605 insuavis);
919 3526 1041 3587 acerbus
1160 3523 1201 3582 85

249 3601 354 3674 Odisti,
369 3613 397 3659 et
411 3603 494 3678 fugis,
509 3614 541 3660 ut
554 3603 717 3663 Drusonem
731 3606 841 3665 debitor
855 3606 929 3678 aeris,

248 3680 320 3752 Qui,
335 3681 399 3751 nisi,
414 3701 501 3757 quum
515 3681 609 3739 tristes
623 3685 728 3743 misero
741 3685 846 3743 vendre
860 3684 1010 3756 Kalendae,

250 3759 415 3817 Mercedem
430 3772 478 3819 aut
491 3780 623 3821 nummos
636 3765 714 3821 unde
729 3766 807 3822 unde
820 3766 950 3837 extr-icat,
964 3780 1077 3821 amaras

249 3839 383 3897 Porrecto
394 3839 494 3916 jugulo
508 3842 648 3915 historias,
663 3843 791 3922 captivus
805 3856 847 3916 ut,
861 3844 950 3901 audit.

249 3917 427 3977 Comminxit
439 3920 544 3978 lectum
559 3932 652 3999 potus,
666 3923 802 3981 mensive
815 3923 944 3981 catillum
