2617 4442
480 368 511 424 Q.
529 366 677 415 HORATII
694 365 831 445 FLAccr

309 511 438 570 Nubium
453 520 576 569 tractus:
597 528 662 586 ego,
676 509 737 585 apis
751 507 870 567 Matinae

548 588 629 646 More
644 589 796 663 modoque,

308 669 397 728 Grata
411 669 554 745 carpentis
567 669 666 744 thyma
678 687 729 743 per
743 668 869 724 laborem

310 747 478 819 Plurimum,
494 748 572 805 oiroa
586 766 689 804 nemus
703 747 837 821 uvidique

310 826 429 885 Tiburis
443 827 518 903 ripas
531 845 650 903 operosa
663 844 768 902 parvus

549 906 686 963 Carmina
699 905 785 980 fingo.

310 985 456 1042 Concines
471 985 576 1061 majore
589 989 676 1061 poeta
687 984 796 1060 plectro

311 1065 465 1136 Caesarem,
479 1065 648 1138 quandoque
663 1065 755 1121 trahet
770 1063 878 1120 feroces

311 1143 366 1200 Per
377 1162 490 1200 sacrum
504 1143 619 1215 olivum,
633 1143 734 1199 merita
749 1143 870 1200 decorus

548 1221 673 1294 Fronde,
689 1221 868 1289 Sicambros3

309 1300 380 1362 Quo
393 1301 463 1358 nihil
479 1300 570 1376 majus
584 1302 720 1359 meliusve
733 1300 816 1357 terris

312 1379 384 1437 Fata
398 1378 550 1452 donavere,
564 1380 688 1455 bonique
702 1380 769 1452 divi,

311 1458 341 1516 N
343 1478 377 1517 eo
391 1460 510 1532 dabunt,
524 1459 652 1534 quamvis
665 1459 784 1516 redeant
798 1457 828 1515 in
843 1475 943 1515 aurum

550 1538 696 1614 Tempora
708 1539 843 1613 priscum.

311 1617 457 1675 Concines
471 1618 606 1692 latosque
620 1618 681 1674 dies
692 1629 721 1674 et
734 1617 819 1675 Urbis

311 1695 463 1753 Publioum
478 1697 587 1769 ludum,
603 1716 687 1772 super
701 1697 851 1772 impetrato

312 1774 406 1832 Fortis
420 1775 545 1850 Augusti
558 1775 662 1846 reditu,
677 1776 825 1850 forumque

548 1852 661 1910 Litibus
674 1853 783 1910 orbum.

311 1931 389 1988 Tum
404 1950 475 1988 meae
492 1929 529 2006 (si
543 1932 611 2005 quid
625 1932 723 2006 loquar
737 1932 927 2012 audiendum)

310 2010 399 2067 Vocis
413 2011 532 2067 accedet
546 2010 621 2067 bona
634 2031 715 2086 pars;
737 2021 776 2085 et,
788 2031 806 2069 o
821 2012 870 2068 Sol

310 2088 451 2146 Pulcher!
472 2090 662 2148 olaudande!
684 2109 797 2164 canam,
811 2099 927 2166 recepto

547 2169 662 2226 Caesare
676 2169 751 2227 felix.

310 2246 415 2323 Tuque
429 2247 497 2304 dum
512 2249 652 2324 procedis,
668 2253 686 2279 “
696 2248 731 2307 Io
744 2249 886 2324 triumphe
896 2248 922 2304 !'’

310 2325 378 2385 Non
392 2328 480 2385 semel
494 2329 633 2400 dicemusr,
648 2333 667 2359 “
677 2327 711 2386 Io
725 2330 867 2403 triumphe
876 2329 903 2386 !'’

312 2407 420 2464 Civitas
433 2407 536 2481 omniS,
551 2408 738 2482 dabimusque
752 2408 825 2465 divis

549 2486 650 2543 Thura
664 2488 804 2562 benignis

311 2564 358 2622 Te
372 2565 473 2622 decern
487 2565 560 2621 tauri
575 2565 750 2640 totidemque
764 2586 869 2640 vaoeae,

311 2641 362 2700 Me
376 2653 456 2701 tener
471 2643 559 2700 solvet
571 2644 686 2716 vitulus,
700 2644 801 2703 relicti

311 2720 415 2794 Matre,
429 2723 477 2797 qui
491 2722 576 2798 largis
587 2721 749 2798 juvenescit
763 2723 858 2781 herbis

548 2801 584 2857 In
600 2821 664 2859 mea
678 2813 751 2875 vota,

273 2895 275 2899 ·
312 2879 419 2937 Fronte
433 2890 563 2938 curvatos
577 2880 703 2938 imitatus
716 2883 797 2958 ignes

312 2957 446 3016 Tertium
460 2959 552 3016 Lunae
566 2959 719 3018 referentis
732 2971 836 3035 ortum,

311 3036 382 3098 Qut
396 3049 492 3096 notam
508 3039 588 3097 duxit
601 3040 702 3096 niveus
716 3041 817 3115 videri,

549 3120 662 3177 Caetera
676 3114 777 3178 fulvus.

575 3435 661 3494 ODE
680 3435 722 3495 11.

514 3573 555 3611 AD
569 3574 790 3615 MnnPounNnN.

429 3671 527 3734 Qunn
541 3683 582 3746 tu,
597 3672 790 3750 Melpomene,
804 3673 892 3735 semel

273 3749 449 3809 Nascentem
463 3753 576 3828 placido
590 3753 700 3810 lumine
713 3754 827 3828 videris,

432 3829 518 3887 Illum
533 3851 591 3889 non
605 3833 684 3889 labor
698 3832 836 3891 Isthmius

272 3907 401 3966 Clarabit
414 3910 550 3986 pugilem,
565 3930 623 3968 non
637 3930 728 3986 equus
741 3912 862 3990 impiger
