2617 4442
382 328 628 380 EPISTOLARUM
647 330 705 379 LIB
732 332 752 381 l.
771 334 810 381 18.

133 473 216 537 Quid
231 473 268 531 de
281 491 393 548 quoque
406 472 476 545 viro,
487 483 517 531 et
529 472 577 530 cui
591 473 681 547 dicas,
695 472 773 551 sape
788 474 892 535 videto.

134 554 388 611 Pereunctatorem
404 552 512 628 fugito;
534 572 599 609 nam
614 555 744 629 garrulus
758 554 835 612 idom
849 567 903 629 est,

135 633 202 690 Nec
215 632 341 690 retinent
339 631 457 722 ‘patulae
472 631 624 689 commissa
637 632 759 691 fideliter
773 653 871 706 aures;
1053 639 1092 696 70

134 711 174 771 Et
188 712 276 769 semel
290 712 424 769 emissum
440 711 514 768 volat
527 712 712 770 irrevocabile
725 713 851 771 verbum.

175 790 302 852 Qualem
316 790 500 849 commendes
511 790 597 848 etiam
612 802 697 867 atque
710 792 797 848 etiam
811 793 926 869 aspice;
947 813 985 851 ne
999 814 1066 855 mox

135 868 285 927 Incutiant
298 869 391 927 aliena
404 869 455 926 tibi
468 880 588 945 peccata
601 872 748 945 pudorem.

135 948 284 1020 Fallimur,
298 958 327 1006 et
341 947 483 1023 quondam
497 968 556 1006 non
570 948 691 1024 dignum
706 951 857 1008 tradimus:
878 971 957 1029 ergo,

135 1027 234 1089 Quem
249 1046 301 1084 sua
314 1028 398 1102 culpa
410 1038 529 1102 premet,
543 1028 683 1118 deceptus
693 1030 762 1087 omit
754 1041 792 1087 tte
803 1031 892 1088 tueri:
1052 1034 1091 1091 75

136 1105 175 1165 Ut
188 1102 303 1181 penitus
316 1117 425 1177 notum,
440 1106 463 1163 si
477 1118 588 1163 tentent
602 1106 732 1179 crimina,
747 1128 851 1182 serves,

135 1184 309 1259 Tutorisque
323 1195 372 1241 tuo
386 1184 520 1241 fidentem
534 1184 681 1261 praesidi03
703 1187 753 1261 qui

136 1263 233 1321 Dente
246 1264 401 1320 Theonino
414 1282 501 1339 quum
516 1265 733 1323 circumroditur
736 1267 861 1342 ,ecquid

135 1342 185 1399 Ad
199 1353 228 1401 ta
241 1340 306 1419 post
319 1340 404 1417 pauld
419 1353 537 1399 ventura
550 1344 677 1419 pericula
690 1312 799 1402 seritisl

136 1421 214 1481 Nam
229 1433 278 1479 tua
290 1440 336 1478 res
350 1420 452 1498 agitur,
466 1422 559 1497 paries
572 1440 660 1497 quum
673 1425 818 1497 proximus
833 1426 913 1486 ardet
921 1448 930 1499 ;

136 1500 175 1561 Et
188 1500 320 1591 neglecta
333 1501 425 1557 solent
438 1500 574 1557 incendia
587 1520 699 1558 sumere
714 1503 794 1560 vires.

176 1580 298 1638 Dulcis'
291 1590 421 1655 inexpert
422 1579 446 1636 is
410 1578 571 1636 tcultura
583 1580 707 1656 potentis
721 1581 823 1651 amici3

135 1660 278 1737 Expertus
292 1658 401 1715 metuit.
442 1655 501 1730 Tu,
517 1658 585 1715 dum
599 1670 648 1716 tua
662 1660 742 1717 navis
756 1662 786 1718 in
800 1626 856 1719 alto
869 1674 922 1736 est,

136 1740 203 1798 Hoc
217 1758 269 1815 age
282 1757 320 1795 ne
333 1748 441 1795 mutata
454 1734 606 1795 retrorsum
621 1748 648 1795 te
663 1739 734 1796 serat
747 1759 823 1798 aura.

175 1818 308 1875 Oderunt
321 1817 440 1874 hilarem
453 1817 547 1874 tristes
549 1817 737 1893 ,tristemque
748 1819 856 1911 jocosi3

137 1899 275 1956 Sedatum
289 1897 406 1968 celeres,
421 1895 525 1972 agilem
538 1915 718 1973 gnavumque
732 1900 860 1958 remissi:

135 1978 252 2036 Potores
267 1975 355 2033 bibuli
369 1974 464 2031 media
479 1975 514 2032 de
529 1987 612 2033 nocte
627 1976 743 2035 Falerni

134 2058 269 2115 Oderunt
281 2064 410 2131 porrecta
423 2065 576 2130 negantem
588 2057 708 2132 pocula;
729 2058 857 2133 quamvis

134 2135 301 2194 Nocturnas
311 2133 389 2209 jures
403 2142 430 2191 te
444 2133 595 2191 formidare
607 2154 734 2211 vapores.

136 2215 230 2273 Deme
243 2211 395 2289 supercilio
408 2212 529 2270 nubem:
550 2211 717 2290 plerumque
731 2216 877 2274 modestus

135 2294 271 2369 Occupat
283 2290 398 2350 obscuri
409 2291 547 2367 ¹apeciem,
562 2292 721 2349 taciturnus
735 2295 839 2351 acerbi.

175 2373 253 2431 Inter
267 2381 373 2429 cuncta
385 2370 474 2447 leges,
488 2382 518 2428 et
530 2372 735 2446 percontabere
748 2373 858 2446 doctos,

132 2452 204 2515 Quai
218 2452 327 2510 ratione
340 2468 427 2525 queas
441 2449 591 2507 traducere
604 2449 706 2508 leniter
721 2469 830 2521 evum3

133 2530 182 2588 Ne
196 2541 224 2589 te
238 2548 349 2605 semper
363 2528 445 2604 inops
459 2528 547 2604 agitet
560 2539 698 2604 vexetque
712 2530 826 2606 cupido,

134 2610 183 2668 Ne
196 2628 291 2686 pavor,
305 2618 335 2666 et
347 2626 442 2665 rerum
457 2608 638 2666 mediocriter
653 2609 764 2667 utilium
779 2630 859 2687 spes:

134 2690 278 2748 Virtutem
292 2688 422 2745 doctrina
435 2698 523 2763 paret,
537 2697 677 2746 naturane
691 2690 778 2747 donet
786 2710 794 2759 ;

132 2768 216 2832 Quid
230 2767 340 2825 minuat
353 2784 446 2837 curas,
460 2766 527 2842 quid
541 2778 569 2824 te
583 2768 635 2825 tibi
649 2769 750 2825 reddat
763 2769 887 2827 amicum
895 2790 904 2841 ;

133 2847 216 2910 Quid
230 2843 301 2923 pure
315 2846 488 2920 tranquillet,
502 2848 602 2920 honos,
617 2866 653 2904 an
669 2848 753 2905 dulce
766 2848 911 2923 lucellum,

133 2928 184 2985 An
198 2937 340 2985 secretum
354 2926 416 2997 iter,
430 2936 459 2983 et
472 2926 594 2984 fallentis
608 2927 709 2985 semita
723 2928 795 2985 vitae

174 3005 225 3063 Me
240 3006 349 3081 quoties
363 2972 454 3062 reficit
467 3006 577 3081 gelidus
591 3006 763 3083 Digentia
742 3027 827 3081 rivus,
1028 3010 1085 3068 100

131 3084 233 3147 Quem
249 3083 385 3141 Mandela
400 3083 471 3141 bibit
473 3104 614 3161 ,rugosus
628 3086 731 3175 frigore
745 3105 846 3162 pagus,

131 3164 216 3227 Quid
230 3162 335 3221 sentire
348 3164 450 3238 putasl
470 3164 538 3238 quid
551 3163 656 3236 credis,
670 3164 762 3220 amice
765 3165 917 3240 ,precaril

132 3243 208 3301 “Sit
222 3243 293 3300 mihi
307 3242 382 3316 quod
396 3260 475 3299 nune
488 3253 541 3314 est,
555 3242 642 3299 etiam
655 3242 767 3298 minus:
789 3242 940 3299 etmihi
914 3262 1006 3301 vivam

131 3322 222 3385 Quod
236 3330 365 3397 superest
378 3320 439 3393 aevi,
454 3340 477 3378 ει
469 3288 559 3411 quid
573 3339 721 3411 superesse
735 3320 833 3378 volunt
846 3320 895 3379 di:

132 3402 178 3460 Sit
192 3401 268 3459 bona
280 3400 417 3458 librorum
430 3410 459 3458 et
472 3400 590 3477 provisae
604 3398 715 3476 frugis
707 3418 737 3456 ιιι
752 3419 859 3457 annum
1028 3403 1085 3463 105

131 3480 243 3557 Copia3
264 3498 322 3538 neu
337 3478 445 3537 fluitem
460 3479 554 3537 dubiae
569 3498 618 3555 spe
631 3479 774 3554 pendulus
787 3480 871 3538 horae.

132 3560 192 3619 Sed
205 3555 276 3618 satis
288 3568 333 3617 est
345 3577 427 3617 orare
441 3557 459 3614 J
461 3576 543 3616 ovem
556 3576 619 3635 qure
633 3558 721 3617 donat
733 3570 763 3618 et
776 3560 883 3618 aufert:

130 3638 191 3699 Det
203 3638 300 3714 vitam,
314 3639 364 3697 det
376 3655 464 3715 opes3
485 3655 598 3714 equum
611 3636 651 3697 mi
666 3639 793 3698 animum
808 3639 868 3717 ipse
881 3640 1015 3717 parabe”
