2617 4442
492 382 698 433 SATIRARUM
715 383 781 434 LlB.
800 386 835 434 11.
853 388 876 434 5.
1123 390 1180 451 135

228 524 385 603 Ingenium
397 544 404 597 3
426 533 512 600 utque
526 525 608 599 soles,
623 537 719 584 custos
732 526 803 584 mihi
817 527 960 586 maximus
973 529 1058 590 adsis.
1142 533 1180 591 15

227 606 314 682 Ergo,
328 606 378 662 ubi
392 623 438 662 me
453 604 483 661 in
497 617 609 663 montes
623 617 652 664 et
665 608 696 664 in
707 626 802 664 arcem
817 627 853 665 ex
866 608 937 666 urbe
951 611 1067 685 removi,

225 686 309 747 Quid
322 682 402 760 priris
416 684 555 742 illustrem
569 686 672 758 satiris,
686 685 829 761 Musaque
842 688 987 764 pedestril

226 764 293 823 Nec
306 764 382 821 mala
395 782 441 821 me
456 764 572 822 ambitio
585 766 689 840 perdit,
703 785 759 822 nec
771 767 922 842 plumbeus
935 769 1053 842 Auster,

227 845 450 917 Autumnusque
464 844 568 919 gravis,
582 844 717 902 Libitine
731 856 854 920 quaestus
867 848 986 905 acerbe.

267 921 410 981 Matutine
425 933 515 998 pater,
530 941 581 979 seu
595 923 613 979 J
616 944 671 981 ane
684 922 821 983 libentiirs
835 926 927 999 audis,
1138 928 1179 986 20

226 1001 314 1061 Unde
329 1000 459 1059 homines
473 1020 591 1077 operum
605 1004 712 1077 primos
724 1003 846 1077 vitaeque
860 1004 970 1062 labores

227 1079 396 1152 Instituunt,
411 1081 453 1138 sic
467 1081 512 1137 dis
524 1081 672 1157 placitum,
686 1093 717 1139 tu
731 1082 867 1139 carminis
880 1095 941 1141 esto

226 1158 412 1234 Principium.
454 1160 556 1217 Romae
571 1179 734 1236 sponsorem
747 1179 794 1217 me
808 1162 890 1238 rapis.
933 1162 1035 1222 “Eial

225 1238 274 1295 Ne
287 1239 363 1315 prior
377 1238 471 1296 officio
484 1239 632 1314 quisquam
646 1241 826 1314 respondeat,
840 1244 939 1317 urge.’'

227 1318 292 1374 Sive
306 1318 412 1393 Aquilo
426 1318 499 1375 radit
513 1329 610 1390 terras,
624 1339 676 1376 seu
689 1320 790 1377 bruma
803 1320 927 1379 nivalem

226 1395 365 1455 Interiore
379 1397 456 1454 diem
470 1416 539 1472 gyro
552 1398 647 1469 trahit,
662 1398 703 1455 ire
717 1417 836 1455 necesse
850 1411 901 1457 est.

226 1475 387 1547 Postmodo,
402 1477 477 1550 quod
491 1475 531 1533 mi
544 1477 628 1549 obsit,
644 1474 721 1534 clare
738 1475 906 1554 certirmque
918 1479 1025 1553 locuto,

225 1554 407 1613 Luctandum
422 1554 452 1611 in
467 1555 566 1626 turbai3
588 1555 721 1613 facienda
733 1555 837 1631 injuria
851 1559 946 1616 tardis.

226 1640 244 1665 ‘⁶
253 1634 334 1696 Quid
349 1634 400 1706 vis,
414 1634 538 1691 insanel
559 1648 588 1691 et
601 1654 671 1709 quas
685 1654 730 1691 res
744 1635 805 1711 agis
812 1636 842 1691 l’'
865 1637 1010 1713 improbus
1023 1648 1105 1715 urget

225 1712 309 1772 Iratis
319 1713 468 1789 precibus;
491 1718 549 1771 “tu
563 1713 659 1788 pulses
672 1733 758 1771 omne
771 1715 846 1789 quod
860 1715 961 1788 obstat,
1138 1718 1178 1776 30

226 1794 273 1850 Ad
289 1792 479 1850 Maecenatem
494 1793 612 1850 memori
626 1793 649 1848 si
664 1803 761 1849 mente
775 1797 932 1852 recurras.'’

226 1872 292 1930 Hoc
302 1871 382 1948 juvat
395 1882 424 1929 et
437 1872 514 1929 melli
528 1882 581 1945 est,
595 1891 653 1929 non
668 1873 797 1930 mentiar.
839 1874 890 1946 At,
905 1874 988 1933 simul
1002 1886 1078 1934 atras

225 1951 352 2009 Ventum
365 1962 408 2009 est
422 1951 573 2026 Esquiliae,
588 1952 682 2009 aliena
694 1953 809 2029 negotia
822 1967 939 2011 centum

225 2029 279 2089 Per
293 2041 380 2107 caput
393 2040 422 2088 et
434 2031 512 2088 circa
525 2031 630 2089 saliunt
643 2032 726 2088 latus.
768 2032 873 2090 “Ante
888 2035 1045 2092 secundam

225 2110 351 2167 Roscius
365 2110 463 2168 orabat
476 2110 530 2167 sibi
544 2111 659 2167 adesses
672 2112 709 2167 ad
723 2110 824 2168 Puteal
839 2115 929 2170 cras.''
1136 2115 1176 2173 35

226 2190 299 2247 “De
313 2210 343 2247 re
358 2190 502 2249 communi
517 2190 617 2246 scribae
632 2190 737 2265 magna
751 2201 835 2264 atque
849 2193 923 2249 nord
937 2204 966 2250 te

224 2267 353 2326 Orabant
365 2270 450 2326 hodie
464 2270 652 2339 meminisses,
666 2269 790 2340 Quinte,
803 2272 932 2328 reverti.’'

224 2353 243 2379 “
258 2347 406 2425 Imprimat
419 2348 473 2418 his,
488 2366 566 2417 cura,
581 2346 728 2403 Maecenas
742 2348 824 2421 signa
838 2349 976 2405 tabellis.''

224 2426 347 2500 Dixeris,
373 2431 391 2457 “
404 2426 579 2502 Experiar'':
603 2430 620 2455 ‘⁶
638 2426 670 2482 Si
684 2427 734 2497 vis,
746 2428 853 2499 potes,'’
869 2428 948 2485 addit
960 2437 989 2485 et
1002 2428 1096 2487 instat.

224 2506 369 2581 Septimus
382 2517 482 2563 octavo
495 2505 608 2581 propior
618 2505 678 2581 jam
693 2504 796 2579 fugerit
810 2526 911 2579 annus,
1136 2509 1175 2567 40

223 2585 269 2643 Ex
281 2605 337 2660 quo
352 2585 498 2641 ,Maecenas
513 2604 558 2642 me
573 2585 659 2661 coepit
672 2585 777 2642 habere
792 2603 908 2643 suorum

222 2664 259 2721 In
273 2684 403 2737 numero,
417 2666 555 2721 duntaxat
568 2665 605 2720 ad
619 2665 683 2735 hoc,
697 2682 782 2739 quem
795 2666 893 2723 tollere
907 2666 998 2724 rhedd

223 2744 328 2816 Vellet,
342 2744 395 2801 iter
410 2744 527 2815 faciens,
541 2754 570 2801 et
583 2744 631 2801 cni
645 2745 818 2801 concredere
832 2764 924 2821 nugas

223 2822 290 2881 Hoc
300 2842 410 2899 genus:
432 2828 449 2853 ‘¹
463 2823 542 2881 Hora
552 2834 638 2898 quota
648 2825 711 2880 estl
732 2822 832 2883 Thrax
842 2837 886 2883 est
895 2826 1010 2884 Gallina
1024 2826 1096 2903 Syro
1106 2827 1174 2903 pari

222 2902 366 2960 Matutine
379 2921 478 2978 parum
491 2914 589 2960 cautos
600 2902 659 2979 jam
674 2902 778 2979 frigora
791 2905 922 2964 mordent
931 2908 956 2962 :”
1134 2907 1174 2962 45

222 2982 261 3039 Et
274 3000 336 3057 quae
350 2982 455 3039 rimosa
470 2982 542 3040 bene
556 2984 737 3058 deponuntur
752 2982 782 3039 in
796 3003 872 3041 aure.
1214 2993 1230 3001 ‘

221 3061 277 3118 Per
288 3073 380 3119 toturn
395 3062 449 3118 hoc
462 3073 574 3137 tempus
588 3062 740 3138 subjectior
754 3062 783 3119 in
798 3064 874 3119 diem
888 3075 917 3121 et
931 3065 1029 3122 horam

221 3139 350 3198 Invidiae.
392 3139 526 3197 “Noster
540 3141 621 3197 ludos
635 3151 811 3215 spectaverat
822 3143 896 3210 unit3

221 3218 343 3277 Luserat
356 3219 386 3276 in
407 3239 521 3295 camp0;
544 3218 678 3275 Fortunae
693 3219 801 3286 filius;”
822 3238 931 3277 omnes.

221 3298 356 3374 Frigidus
370 3318 388 3355 a
400 3299 514 3356 Rostris
526 3306 622 3354 manat
632 3315 682 3372 per
697 3297 820 3370 compita
831 3316 926 3355 rumor
939 3318 945 3355 :
1132 3302 1172 3358 50

219 3376 396 3452 Quicunque
409 3378 508 3434 obvius
522 3386 565 3433 est
580 3394 625 3433 me
640 3374 780 3432 consulit:
802 3381 820 3406 “
830 3375 858 3432 Ο
873 3378 956 3449 bone,
970 3397 1038 3435 nam
1051 3388 1080 3437 te

221 3456 313 3529 Scire,
328 3458 397 3513 deos
410 3456 544 3531 quoniam
558 3451 675 3530 propius
688 3454 840 3531 contingis,
854 3468 980 3532 oportet:

220 3533 382 3611 Numquid
398 3536 433 3591 de
448 3534 536 3591 Dacis
550 3533 654 3591 audisti
663 3535 693 3591 l”
719 3540 737 3564 “
752 3534 803 3592 Nil
817 3537 976 3610 equidem.'’
998 3537 1067 3596 “Ut
1080 3548 1113 3595 tu

221 3614 342 3691 Semper
356 3614 412 3671 eris
426 3614 532 3671 derisor
542 3614 567 3669 !''
597 3618 615 3643 “
631 3615 672 3670 At
684 3633 784 3671 omnes
798 3614 827 3671 di
841 3616 989 3691 exagitent
1002 3636 1058 3688 me,

220 3693 252 3749 Si
266 3694 448 3769 quidquam.''
491 3692 618 3753 “Quint
639 3693 775 3750 militibus
788 3696 926 3768 promissa
939 3695 1093 3770 Triquetra
1131 3697 1172 3753 55

219 3772 330 3830 Praedia
344 3772 452 3844 Caesar,
467 3790 503 3829 an
518 3782 560 3828 est
573 3771 646 3830 Italia
660 3774 761 3830 tellure
775 3774 891 3830 daturus
901 3776 932 3831 l''

218 3850 238 3907 J
240 3863 369 3909 urentem
386 3870 430 3908 me
445 3852 518 3908 scire
532 3851 602 3908 nihil
617 3853 764 3922 mirantur,
779 3863 810 3909 ut
824 3871 914 3909 unum

220 3931 339 3989 Scilicet
349 3932 456 4007 egregii
471 3931 617 3988 mortalem
632 3931 737 4006 altique
750 3929 853 3987 silenti.
