2617 4442
548 365 748 414 GARMINUM
764 367 830 414 LIB.
847 367 868 416 1.

372 508 428 567 Oui
442 506 520 565 dabit
531 517 625 584 partes
639 508 732 566 scelus
744 509 877 585 expiandi

371 586 502 663 Jupiterl
523 587 639 644 tandem
653 589 759 660 venias,
772 607 931 664 precamur,
977 607 991 614 ·

370 665 456 723 Nube
470 665 627 723 candentes
640 667 772 724 humeros
786 669 916 740 amictus,

528 744 630 820 Augur
644 745 755 820 Apollo.

373 822 439 880 Sive
452 833 484 880 tu
497 823 595 895 matie,
610 823 735 898 Erycina
748 825 854 896 ridens,

370 901 469 962 Quam
483 901 571 959 Joeus
585 901 778 976 circumvolat,
792 915 821 960 et
834 903 954 979 Cupido.

372 980 438 1037 Sive
452 980 615 1057 neglectum
629 999 721 1056 genus
734 992 763 1039 et
776 992 892 1058 nepotes

529 1058 673 1134 Respicis,
688 1069 794 1133 auctor,

372 1136 456 1194 Heu!
477 1137 563 1194 nimis
575 1137 661 1214 longo
675 1140 774 1196 satiate
787 1140 865 1211 ludo,

372 1215 471 1278 Quem
481 1216 560 1292 juvat
573 1217 689 1290 elamor,
703 1219 846 1293 galeaque
859 1218 945 1286 leves,

372 1296 449 1352 Acer
463 1305 493 1353 et
505 1293 600 1352 Mauri
613 1297 716 1372 peditis
729 1308 880 1354 cruentum

529 1373 632 1432 Vultus
645 1375 675 1432 in
690 1376 816 1433 hostem:

364 1450 440 1510 ‘Sive
454 1452 563 1509 mutata
574 1452 713 1528 juvenem
721 1454 823 1529 ligurii,

373 1531 453 1604 Ales,
467 1531 498 1588 in
511 1531 592 1588 terris
605 1531 733 1604 imitaris,
747 1533 828 1588 almae

372 1609 464 1687 Filius
477 1607 574 1680 Maiae,
587 1609 698 1684 patiens
712 1609 805 1667 vocari

406 1683 437 1760 ‘-
532 1686 653 1745 Oaesaris
668 1689 757 1745 ultor:

372 1767 460 1825 Serus
470 1766 499 1823 in
514 1765 617 1823 eoelum
631 1768 740 1839 redeas,
755 1767 860 1843 diuque

371 1845 467 1903 Laetus
480 1845 591 1917 intersis
604 1847 707 1922 populo
720 1845 854 1918 Quirini3

370 1924 453 1983 Neve
466 1934 494 1982 te
508 1924 610 1982 nostris
623 1925 697 1982 vitiis
710 1925 839 2002 iniquum

528 2001 615 2061 Ocior
629 2022 699 2061 aura

371 2080 475 2140 Tollat.
517 2080 576 2139 Hie
590 2101 709 2158 magnos
721 2078 816 2159 potius
828 2083 996 2160 triumphos,

370 2159 430 2219 Hie
443 2179 521 2218 ames
535 2158 593 2218 diei
604 2161 688 2219 Pater
702 2173 785 2238 atque
799 2163 950 2238 Prineeps:

371 2239 438 2298 Neu
452 2240 529 2298 sinas
543 2234 645 2297 Medos
658 2241 784 2315 equitare
798 2241 912 2313 inultos,

528 2316 575 2373 Te
589 2318 673 2391 duee,
688 2319 793 2375 Caesar.
890 2377 911 2392 Λ

864 2447 904 2492 .!¹

557 2649 610 2700 η
625 2632 710 2691 ODE
730 2632 853 2698 111.-

220 2771 260 2812 AD
272 2771 376 2811 NAVEM
390 2769 451 2815 Qun
463 2769 612 2810 witelmus
626 2769 766 2810 Amemus
780 2769 1193 2816 1’1t0mcrscurtsvltnumuu.

490 2872 541 2928 Sre
555 2870 662 2945 te1diva
674 2880 776 2953 potens
788 2869 889 2946 Cypri,-

371 2950 422 3008 Sic
435 2949 534 3033 fratres
548 2949 904 3034 Helepaehlueidapidera,

487 3029 700 3103 Ventorumque
714 3039 793 3103 regat
805 3040 894 3106 pater,

370 3107 522 3166 Obstrietis
536 3108 607 3180 aliis,
620 3119 722 3183 praeter
735 3106 852 3184 Iapyga,

485 3186 584 3257 Navis,
598 3205 661 3260 quae
674 3186 726 3242 tibi
739 3188 878 3244 creditum

373 3264 471 3322 Debes
483 3264 635 3339 Virgilium
659 3263 763 3319 finibus
777 3262 891 3332 Atticis,

482 3342 606 3400 Reddas
619 3340 803 3413 ineolumem,
816 3343 925 3416 preeor,

370 3421 408 3481 Et
421 3439 515 3480 serves
529 3419 630 3478 anima
644 3419 793 3476 dimidium
806 3440 886 3482 meae.

490 3498 537 3556 Illi
551 3499 635 3556 robur
649 3510 678 3556 et
691 3519 730 3556 res
743 3500 844 3575 triplex

371 3579 569 3654 Ciroapeetus
579 3588 648 3651 erat,
662 3579 711 3654 qui
725 3579 852 3654 fragilem
865 3581 939 3639 truoi

490 3657 639 3716 Commisit
651 3657 752 3733 pelago
765 3669 855 3716 ratem

370 3737 491 3808 Primus,
505 3754 559 3793 nee
573 3736 667 3794 timuit
679 3737 852 3812 precipitem
866 3737 997 3799 Africum
1071 3738 1076 3754 '

488 3814 690 3874 Decertantem
705 3814 903 3890 Aquilonibus,

369 3894 435 3954 Nee
448 3894 540 3952 tristes
554 3893 682 3969 Hyadas,
696 3913 752 3950 nee
765 3894 872 3952 rabiem
886 3896 965 3965 Noti,
