2617 4442
462 329 663 381 CARMINUM
680 331 746 379 LIB.
763 331 814 381 111.

411 473 504 534 Velox
516 482 612 532 mente
625 471 720 532 noval
752 472 869 535 eribus

253 555 355 614 Antris
368 553 476 630 egregii
490 552 612 610 Caesaris
626 552 725 610 audiar

412 631 566 690 AEternum
579 631 722 689 meditans
736 631 825 690 decus

255 712 351 772 Stellis
364 710 489 768 inserere
503 720 532 768 et
545 710 665 770 consilio
678 709 775 769 Jovisl

413 789 517 847 Dicam
531 788 655 864 insigne,
669 808 781 862 recens,
795 789 891 848 adhuc

254 869 401 929 Indictum
414 887 463 926 ore
477 868 541 926 alio.
575 867 644 926 Non
658 887 743 926 secus
757 868 788 925 in
798 867 877 946 jugis

412 947 566 1005 Exsomnis
580 957 675 1024 stupet
688 946 784 1020 Euius,

254 1028 385 1086 Hebrum
398 1026 583 1104 prospiciens,
598 1037 627 1084 et
640 1027 706 1084 nive
720 1026 873 1084 candidam

412 1106 558 1178 Thracen,
573 1124 608 1163 ac
619 1107 694 1182 pede
708 1105 827 1163 barbaro

254 1186 416 1244 Lustratum
429 1185 600 1262 Rhodopen.
636 1185 675 1243 Ut
688 1185 758 1242 mihi
773 1183 856 1242 devio

414 1265 506 1342 Ripas
519 1274 549 1322 et
562 1283 684 1322 vacuum
698 1283 803 1322 nemus

256 1343 356 1402 Mirari
368 1344 452 1402 libet!
487 1345 516 1402 Ο
530 1343 678 1401 Naiadum
690 1353 802 1420 potens,

414 1423 648 1499 Baccharumque
662 1423 818 1480 valentium

254 1503 392 1562 Proceras
405 1502 537 1558 manibus
550 1513 659 1559 vertere
673 1501 812 1559 fraxinos!

415 1579 467 1637 Nil
479 1597 606 1656 parvum,
622 1590 671 1637 aut
684 1579 785 1636 humili
798 1578 893 1652 modo,

255 1660 306 1721 Nil
320 1660 439 1719 mortale
452 1660 558 1734 loquar.
592 1658 687 1716 Dulce
700 1658 872 1734 periculum,

414 1738 443 1795 0
456 1738 572 1811 Lenaee,
587 1738 668 1814 sequi
682 1738 768 1795 deum

255 1818 428 1896 (lingentem
442 1818 524 1876 viridi
537 1828 665 1895 tempora
677 1817 827 1895 pampino!

543 2133 629 2193 ODE
642 2132 715 2195 XX.

518 2272 559 2310 AD
579 2271 738 2311 VENERBM.

295 2373 369 2431 V1x1
383 2369 495 2428 choreis
509 2387 600 2444 nuper
615 2369 746 2443 idoneus,

295 2452 334 2510 Et
347 2448 466 2507 militavi
479 2466 537 2505 non
552 2447 614 2504 sine
628 2447 736 2524 gloria:

335 2528 428 2587 Nunc
440 2535 518 2585 arina
532 2526 756 2602 defunctumque
770 2526 844 2586 bello

373 2606 509 2666 Barbiton
523 2607 570 2663 hic
584 2605 677 2682 paries
688 2606 813 2680 habebit,

295 2689 413 2748 Laevum
426 2687 543 2742 marinae
560 2686 609 2762 qui
623 2685 745 2744 Veneris
757 2686 833 2743 latus

296 2767 438 2826 Custodit.
479 2765 549 2838 Hic,
564 2763 613 2822 hic
626 2766 722 2842 ponite
735 2765 833 2823 lucida

336 2845 458 2904 Funalia
471 2855 500 2902 et
512 2855 609 2902 vectes
622 2855 651 2901 et
665 2863 750 2902 arcus

375 2923 522 3000 Oppositis
536 2923 642 2982 foribus
656 2925 793 2982 minaces.

298 3005 326 3063 Ο
339 3023 402 3079 quaa
417 3004 538 3075 beatam,
552 3003 626 3075 diva,
640 3014 723 3061 tenes
737 3003 875 3079 Cyprum,
888 3011 918 3061 et

297 3082 447 3160 Memphin
461 3092 606 3140 carentem
622 3082 755 3141 Sithonih
768 3081 844 3155 nive,

335 3161 461 3238 Regina,
476 3161 590 3218 sublimi
604 3160 717 3236 flagello

375 3240 480 3317 Tange
494 3239 608 3298 Chloen
622 3240 712 3296 semel
726 3247 914 3315 arrogantem.

540 3551 624 3612 ODE
637 3552 725 3613 XXI.

513 3693 554 3733 An
575 3692 747 3734 cananum.

297 3793 403 3852 Iunios
416 3812 506 3870 parrae
519 3793 676 3853 recinentis
687 3811 774 3852 omen

298 3873 403 3944 Ducat,
416 3884 445 3930 et
458 3892 609 3951 praegnans
623 3874 714 3947 canis,
727 3883 777 3931 aut
790 3872 827 3931 ab
840 3891 910 3951 agro
