2617 4442
510 363 711 414 CARMINUM
727 365 794 413 LlB.
811 365 862 415 111.

386 508 417 566 N
418 526 453 565 ec
466 507 553 566 sumit
567 519 617 566 aut
628 508 710 584 ponit
723 526 840 566 secures

425 586 551 644 Arbitrio
564 587 707 663 popularis
721 606 806 644 aurae.

345 667 454 739 Virtus,
468 666 621 723 recludens
635 666 784 723 immeritis
794 665 866 724 mori

347 745 470 816 Coelum,
486 745 591 822 negata
604 755 696 802 tentat
709 745 763 802 iter
776 745 842 801 viri:

385 823 541 899 Ooetusque
555 823 687 899 vulgares
700 834 729 880 et
740 824 826 880 udam

424 903 540 978 Spernit
553 903 674 960 humum
688 902 815 978 fugiente
828 901 933 978 penna.

344 979 398 1040 Est
411 991 440 1038 et
453 980 531 1039 fideli
546 990 609 1038 tuta
624 981 737 1038 silentio
775 1006 777 1009 ·

344 1059 476 1118 Merces:
497 1061 607 1132 vetabo,
622 1061 671 1136 qui
685 1059 799 1116 Cereris
813 1077 927 1116 sacrum

384 1137 517 1214 vulgarit
531 1157 653 1210 arcanae,
668 1140 722 1195 sub
734 1137 828 1196 isdem

423 1218 468 1275 Sit
481 1218 617 1290 trabibus,
632 1218 797 1293 fragilemve
811 1236 927 1275 mecum

344 1297 441 1355 Solrat
454 1296 581 1354 faselum.
616 1295 701 1374 Saepd
716 1297 859 1374 Diespiter

346 1375 506 1451 Neglectus
519 1376 630 1434 incesto
644 1378 754 1434 addidit
767 1377 925 1452 integrum:

384 1452 465 1512 Rard
480 1457 698 1513 antecedentem
709 1455 863 1513 scelestum

425 1531 559 1591 Deseruit
571 1536 644 1611 pede
658 1534 748 1590 Poena
761 1534 872 1591 claudo.

497 1915 571 1954 η
600 1886 685 1945 ODE
705 1886 850 1945 111..-

343 2009 363 2068 J
364 2017 670 2144 osaunaqtenqoem'
679 2005 815 2092 propositi
828 2007 921 2064 virum

344 2089 413 2148 Non
427 2089 533 2146 civium
547 2107 577 2145 ar
598 2106 629 2144 or
642 2104 729 2161 prava
740 2085 913 2161 jubentium,

382 2167 451 2227 Non
465 2167 559 2258 vultus
572 2165 705 2256 iqstantis
718 2166 832 2251 tyran'ni

422 2246 523 2304 Mente
537 2245 627 2328 quqtit
641 2244 691 2300 sol'
714 2244 743 2315 d,
757 2263 849 2332 neque
863 2245 978 2315 Auster,

343 2326 414 2385 Dux
426 2325 547 2401 inquieti
556 2323 688 2380 turbidus
702 2322 830 2394 Hadriae,
847 2363 853 2370 .

343 2405 410 2465 Nec
425 2401 603 2462 fulminantis
616 2418 721 2475 magna
735 2398 812 2457 Jovis
823 2418 943 2456 manus:

384 2484 417 2542 Si
431 2483 537 2541 fractus
551 2480 682 2538 illabatur
695 2478 781 2550 orbis,
908 2475 913 2487 '

422 2561 603 2638 Impavidum
617 2559 720 2616 ferient
732 2558 832 2616 ruinae.

292 2694 295 2700 .
343 2642 411 2701 Hrlc
425 2653 484 2700 arte
498 2640 608 2711 Bollux,
622 2649 651 2696 et
665 2649 753 2714 vagus
767 2636 921 2713 Hercules,

343 2722 459 2799 Enisus‚
475 2709 555 2778 ar‘ces
569 2719 662 2794 attigit
675 2718 792 2793 igneas:

382 2802 466 2864 Quos
477 2801 550 2858 inter
564 2800 715 2874 Augustus
728 2797 901 2855 recumbens

421 2881 568 2957 Purpureo
582 2878 653 2935 bibit
667 2895 715 2935 ore
729 2886 837 2934 nectar.

297 2993 308 3006 ·
343 2959 410 3019 Hae
423 2971 452 3018 te
466 2968 634 3032 merentem,
648 2956 766 3013 Bacche
779 2966 869 3032 pater,
883 2965 940 3014 tue

341 3037 457 3098 Verere
470 3039 567 3116 tigres
582 3036 701 3095 indocili
711 3035 815 3111 jugum

382 3118 463 3177 Collo
476 3119 629 3177 trahentes.
665 3115 733 3173 Hdc
745 3114 888 3176 Quirinus

421 3196 523 3255 Martis
543 3196 624 3271 equis
638 3195 806 3250 Acheronta
820 3194 910 3268 fugin

342 3277 462 3334 Gratum
476 3272 611 3349 eloquutd
626 3271 844 3327 consiliantibus

343 3355 459 3412 lunone
473 3353 560 3409 divis:
582 3354 600 3380 “
609 3348 694 3420 Ilion,
709 3348 783 3407 Ilion

383 3425 500 3504 Fatalis,
514 3431 697 3503 incestusque
708 3427 809 3504 judex,

422 3510 460 3569 Et
473 3509 575 3568 mulier
588 3507 748 3584 peregrina,
762 3507 845 3565 vertit

344 3591 381 3650 In
394 3590 549 3667 pulverem,
564 3607 599 3646 ex
613 3607 670 3663 quo
683 3587 810 3646 destituit
824 3587 894 3645 deos

342 3669 480 3728 Mercede
493 3668 576 3746 pacti
590 3667 765 3738 Laomedon,
779 3666 850 3724 mihi

382 3751 533 3823 Castaque
547 3749 715 3805 damnatum
728 3745 867 3803 Minervae

421 3829 497 3886 Cum
511 3828 614 3903 populo
627 3837 655 3883 et
670 3826 744 3882 duce
759 3824 946 3884 fraudulento.

342 3909 408 3968 lam
421 3927 478 3966 nec
491 3907 623 3966 Lacaenae
637 3904 769 3982 splendet
782 3904 917 3962 adulterae
