2617 4442
173 355 231 415 luo
497 351 528 407 Q.
547 350 693 399 nonani
711 350 835 401 sarcos

135 532 143 550 .
158 552 162 564 ,
208 493 283 565 Nec,
299 494 488 571 quodcunque
503 494 586 566 volet,
596 504 695 570 poscat
708 493 762 550 sibi
777 491 871 550 fabula
884 494 980 564 credi,

86 594 145 635 ant*
159 572 171 635 ι’
189 566 277 644 (Neu
291 592 400 649 pransae
415 572 523 631 Lamiae
537 573 631 631 vivum
645 591 764 649 puerum
779 573 907 631 extrahat
917 570 1011 634 alvo.)
1111 575 1169 635 34⁰

209 652 354 710 Centuriae
368 652 511 710 seniorum
526 653 634 729 agitant
647 652 775 727 expertia
790 651 895 727 frugis;

209 731 287 789 Celsi
301 742 472 808 pratereunt
482 742 595 791 austera
607 734 741 807 poemata
754 730 919 789 Rhamnes:

209 809 306 868 Omne
319 810 383 869 tulit
395 820 545 886 punctum,
559 809 608 886 qui
622 809 737 867 miscuit
749 809 819 866 utile
830 809 918 883 dulci,

209 884 360 948 montem
374 889 543 949 delectando
555 890 716 965 pariterque
727 889 880 946 monendo.

209 968 269 1026 Hic
283 978 373 1027 meret
385 987 441 1025 aera
454 968 525 1027 liber
537 967 627 1026 Sosiis
638 988 645 1039 ;
668 968 716 1029 hic
729 978 758 1025 et
771 986 850 1025 mare
864 969 973 1041 transit,
1108 970 1168 1028 345

209 1046 248 1105 Et
260 1048 377 1124 longum
391 1057 459 1106 noto
472 1047 600 1124 scriptori
614 1057 747 1123 prorogat
760 1065 859 1104 aevum.

250 1127 324 1184 Sunt
337 1126 443 1197 delicta
455 1136 552 1184 tamen
565 1126 668 1201 quibus
682 1126 824 1202 ignovisse
838 1125 973 1183 velimus:
1285 1199 1286 1202 Ἴ

209 1202 286 1263 Nam
301 1224 395 1281 neque
408 1205 515 1263 chorda
528 1224 628 1263 sonum
644 1205 739 1263 reddit
748 1223 833 1280 quem
846 1205 906 1262 vult
916 1224 1018 1263 manus
1031 1215 1062 1264 et
1074 1225 1167 1279 mens,

210 1283 398 1361 Poscentique
412 1302 526 1361 gravem
539 1282 667 1361 persaepe
681 1284 800 1342 remittit
813 1295 946 1354 acutum;

210 1361 276 1421 Nec
289 1380 400 1439 semper
414 1362 495 1421 feriet
508 1364 698 1439 quodcunque
714 1363 868 1421 minabitur
881 1381 972 1420 arcus.
1106 1365 1167 1423 350

210 1438 331 1515 verum,
344 1442 394 1500 ubi
403 1440 485 1518 plura
497 1443 590 1501 nitent
603 1442 633 1499 in
648 1442 785 1513 carmine,
798 1460 858 1500 non
871 1460 926 1517 ego
939 1442 1040 1518 paucis

210 1519 349 1579 Offendar
362 1520 492 1594 maculis,
509 1540 580 1597 quas
593 1531 642 1579 aut
652 1521 763 1579 incuria
775 1521 858 1593 fudit,

211 1599 273 1658 Aut
286 1601 412 1659 humana
423 1619 524 1677 parum
539 1600 612 1658 cavit
625 1600 857 1661 natura-Quid
870 1618 940 1677 ergo
951 1611 994 1659 est
1002 1602 1055 1658 l-

211 1678 250 1739 Ut
263 1680 382 1757 scriptor
395 1679 419 1736 si
433 1689 534 1756 peccat
547 1679 624 1737 idem
636 1679 767 1737 librarius
780 1698 878 1754 usque,

210 1758 352 1819 Quamvis
365 1769 409 1816 est
422 1759 557 1831 monitus,
571 1758 655 1815 venia
669 1768 747 1816 caret
754 1778 762 1828 ;
783 1768 813 1816 et
825 1758 999 1817 citharoedus
1103 1761 1168 1819 355

210 1834 346 1909 Ridetur,
359 1837 468 1895 chorda
481 1836 529 1913 qui
543 1856 654 1913 semper
668 1837 780 1897 oberrat
792 1836 912 1894 eidem:

212 1915 262 1972 Sic
274 1915 355 1988 mihi,
368 1915 417 1991 qui
431 1913 553 1973 multum
567 1926 670 1989 cessat,
683 1916 716 1974 fit
729 1916 872 1974 Cboerilus
885 1916 944 1989 ille,

189 1994 309 2058 *Quem
323 1994 367 2052 bis
379 2005 477 2070 terque
492 1995 598 2053 bonnm
611 2013 679 2052 cum
692 1994 752 2052 risu
765 1996 849 2053 miror
860 2014 867 2066 3
888 2006 918 2052 et
930 1995 1008 2055 idem

210 2071 358 2149 Indignor,
371 2073 542 2149 quandoque
553 2074 644 2132 bonus
659 2074 792 2132 dormitat
806 2074 958 2133 Homerus.

210 2148 320 2211 Verum
333 2152 412 2229 operi
426 2152 512 2230 longo
525 2153 568 2211 sas
581 2164 624 2211 est
636 2154 773 2230 obrepere
786 2172 927 2211 somnum.
1048 2186 1051 2196 ι
1106 2156 1167 2213 360

250 2229 290 2289 Ut
301 2231 422 2310 pictura,
435 2232 548 2308 poesis3
569 2233 623 2292 erit
635 2251 709 2308 qua,
723 2232 747 2289 si
760 2230 876 2309 pmpiirs
888 2244 957 2305 stes,

210 2306 258 2367 Te
271 2312 366 2388 capiet
378 2308 479 2388 magis,
494 2322 523 2370 et
536 2314 676 2389 quiedam,
689 2311 715 2369 si
727 2310 841 2389 longius
851 2312 954 2388 abstes.

211 2388 285 2448 Hac
298 2402 375 2448 amat
385 2392 556 2462 obscurum
577 2392 651 2450 volet
665 2392 727 2449 hac
740 2392 794 2448 sub
806 2391 872 2448 luce
882 2391 981 2465 videri,

211 2466 229 2525 J
232 2469 324 2527 udicis
338 2481 468 2547 argutum
481 2489 545 2545 quae
558 2489 616 2529 non
631 2470 763 2528 formidat
775 2488 915 2527 acumen:

210 2545 286 2605 Hac
298 2548 405 2623 placuit
418 2552 514 2621 semel,
530 2549 592 2607 hec
606 2550 704 2607 decies
716 2549 835 2625 repetita
847 2548 979 2625 placebit.
1107 2552 1167 2610 365

250 2624 279 2682 Ο
293 2626 381 2702 major
391 2626 540 2702 juvenum,
554 2629 682 2703 quamvis
695 2639 725 2685 et
738 2646 807 2685 voce
821 2631 941 2703 patema

210 2702 246 2761 Fi
286 2704 343 2761 eris
356 2704 393 2761 ad
405 2716 526 2777 rectum,
540 2716 569 2763 et
578 2726 629 2783 per
643 2718 672 2765 te
684 2706 770 2783 sapis,
785 2707 839 2765 hoc
852 2707 904 2764 tibi
917 2708 1026 2765 dictum

210 2722 296 2840 'hille
309 2802 417 2842 memor
430 2802 436 2841 :
457 2782 543 2843 certis
556 2786 683 2844 medium
697 2796 726 2843 et
738 2785 883 2845 tolerabile
897 2788 982 2846 rebus

210 2858 306 2919 Rectb
320 2863 449 2921 concedi.
491 2864 646 2924 Consultus
657 2866 738 2943 juris,
752 2876 781 2923 et
794 2877 872 2923 actor

210 2939 369 2999 Causarum
384 2942 545 3016 mediocris,
559 2944 640 3003 abest
653 2945 755 3003 virtute
770 2945 875 3003 diserti
1106 2946 1165 3005 370

210 3017 352 3094 Messalae,
365 3038 421 3077 nec
434 3020 489 3079 scit
501 3018 638 3098 quantum
651 3022 810 3080 Cascellius
824 3023 935 3093 Aulus3

211 3099 269 3157 Sed
282 3108 379 3159 tamen
393 3098 422 3157 in
435 3101 526 3178 pretio
540 3113 599 3159 est:
620 3102 812 3159 mediocribus
825 3122 889 3159 esse
901 3102 995 3178 poetis

209 3177 278 3237 Non
293 3179 434 3253 homines,
447 3199 505 3239 non
518 3178 560 3254 di,
573 3200 632 3240 non
645 3178 816 3238 concessbre
830 3182 979 3239 columna.

210 3257 250 3317 Ut
263 3268 358 3335 gratas
371 3258 444 3317 inter
457 3279 571 3319 mensas
584 3260 752 3337 symphonia
762 3260 880 3333 discors,

209 3336 249 3395 Et
256 3356 384 3395 crassum
398 3351 587 3413 unguentum,
598 3351 627 3397 et
641 3340 732 3397 Sardo
745 3356 813 3395 cum
826 3340 911 3397 melle
922 3358 1046 3416 papaver
1106 3341 1164 3398 375

208 3414 379 3487 Offendunt,
393 3426 503 3491 poterat
516 3419 584 3475 duci
597 3418 665 3493 quia
677 3437 760 3475 coena
773 3417 836 3477 sine
849 3419 926 3488 istis;

186 3518 198 3529 ·
210 3493 262 3552 Sic
274 3492 378 3551 animis
390 3503 490 3551 natum
504 3495 707 3573 inventumque
719 3501 824 3574 poema
834 3498 977 3574 juvandis,

179 3614 193 3629 .
210 3572 244 3631 Si
293 3569 373 3631 uliam
387 3590 529 3632 asummo
541 3574 682 3648 discessit,
697 3576 787 3652 vergit
799 3578 836 3634 ad
850 3578 948 3635 imum.

275 3650 363 3708 udere
375 3650 425 3727 qui
437 3651 540 3725 nescit,
554 3656 759 3730 campestribus
772 3656 896 3714 abstinet
910 3655 1006 3729 armis,

209 3728 403 3807 Indoctusqua
416 3730 481 3809 pila>
495 3731 601 3790 discive
614 3734 741 3792 trochive
754 3735 885 3809 quiescit,
1107 3733 1164 3794 380

208 3806 258 3869 Nc
271 3808 369 3887 spissa
378 3808 467 3869 risum
481 3811 580 3872 tollant
592 3811 710 3891 impune
724 3831 855 3873 coronae:
