2617 4442
189 318 246 376 116
514 314 546 370 Q·
564 312 711 363 HORATII
728 313 853 363 Funcct

226 459 290 521 Qui
304 478 350 517 me
364 455 524 531 commdrit,
547 461 566 488 “
576 454 684 515 Melius
697 477 756 515 non
770 467 888 536 tangere
896 458 924 517 1¹³
946 458 1050 536 clamo,
1145 460 1188 521 45

173 606 179 615 .
228 537 332 611 Flebit,
346 548 375 597 et
388 537 508 615 insignis
521 536 580 596 toti
595 538 755 595 cantabitur
765 538 845 596 urbe.

230 618 346 676 Servius
360 618 448 677 iratus
461 617 540 694 leges
553 616 701 675 minitatur
714 627 743 674 et
756 635 876 675 urnam:

229 696 352 756 Canidia
365 694 477 769 Albuti,
490 696 592 773 quibus
606 705 650 755 est
663 696 790 768 inimica,
804 714 961 755 venenum:

228 776 346 835 Grande
359 776 467 834 malum
480 774 600 850 Turius,
614 776 639 833 si
652 775 716 852 quis
729 794 760 834 ee
771 773 870 852 judice
884 786 982 835 certet

229 856 279 931 Ut,
292 876 347 933 quo
360 856 479 933 quisque
492 855 576 930 valet,
591 865 739 933 suspectos
751 865 864 929 terreat,
877 865 966 932 utque
1144 858 1186 917 50

230 937 356 1013 Imperet
369 937 424 995 hoc
437 945 540 993 natura
551 946 664 1012 potens,
678 935 721 993 sic
734 934 837 1011 collige
850 953 982 994 mecum:

230 1015 326 1074 Dente
338 1016 433 1092 lupus,
447 1032 537 1072 cornu
551 1024 649 1072 taurus
662 1014 752 1092 petit;
774 1015 862 1087 unde,
876 1013 932 1072 nisi
945 1014 1023 1073 intus

231 1094 441 1153 Monstratuml
476 1094 584 1152 &aaa
597 1094 725 1151 vivacem
737 1094 824 1151 crede
837 1093 934 1171 nepoti

230 1173 372 1232 Matrem:
394 1174 434 1231 nil
449 1174 535 1231 saciet
548 1173 664 1232 sceleris
677 1173 725 1250 pia
738 1174 870 1231 dextera:
891 1173 1012 1232 miruml

229 1253 269 1312 Ut
283 1273 375 1330 neque
389 1254 469 1312 calce
483 1253 567 1330 lupus
580 1271 752 1344 quenquam,
767 1272 860 1343 neque
874 1253 962 1311 dente
974 1253 1045 1331 petit
1058 1252 1129 1313 bos:
1144 1255 1187 1313 55

232 1333 290 1391 Sed
304 1333 379 1391 mala
392 1333 471 1391 tollet
484 1351 571 1390 anum
584 1332 683 1390 vitiato
696 1331 780 1389 molle
790 1333 894 1390 cicuta.

229 1412 277 1470 Ne
290 1414 407 1491 longum
422 1412 540 1482 faciann
562 1431 612 1469 seu
627 1430 674 1469 me
688 1411 839 1489 tranquilla
851 1422 986 1471 senectus

229 1492 394 1570 Exspectat,
409 1511 461 1550 seu
471 1510 546 1550 mors
559 1491 627 1549 atris
641 1490 826 1549 circumvolat
839 1491 910 1563 alis3

230 1570 349 1630 Dives
319 1590 440 1663 ,mops3
462 1571 575 1644 Romae,
589 1590 640 1629 seu
654 1570 764 1628 lbrsita
773 1570 899 1647 jusserit,
913 1570 1010 1644 exsul;

228 1650 369 1729 Quisquis
381 1652 436 1709 erit
450 1651 525 1725 vitre,
539 1650 679 1724 scribam,
687 1650 773 1709 color.

604 1798 766 1833 TREBA'HUS·

783 1885 907 1964 Opuer,
921 1887 1004 1946 utsis
1143 1887 1186 1948 60

228 1964 331 2023 Vitalis
341 1975 448 2038 metuo,
461 1976 491 2023 et
503 1965 643 2043 majormn
658 1984 696 2024 ue
709 1966 774 2043 quis
786 1966 898 2025 amicus

229 2043 347 2122 Frigore
360 2054 389 2104 te
403 2044 493 2103 serint.

609 2175 756 2212 HOBA'HUS.

589 2263 694 2331 Quidl
713 2282 802 2340 quum
814 2274 859 2322 est
871 2262 1002 2323 Lucilius
1014 2283 1102 2325 ausus

228 2332 362 2402 Primus'
354 2362 383 2401 ιιι
398 2344 477 2401 hunc
489 2343 583 2421 operis
596 2362 768 2420 componere
782 2343 910 2401 carmina
922 2362 1041 2419 morem,

228 2420 385 2481 Detrahere
398 2434 428 2482 et
440 2424 553 2501 pellem,
567 2423 676 2482 nitidus
689 2423 746 2501 qut
758 2422 876 2498 quisque
890 2442 941 2500 per
953 2442 1004 2482 ora

228 2492 361 2576 Cederet,
375 2503 526 2561 introrsum
540 2503 649 2592 turpis3
671 2521 741 2560 num
755 2501 869 2575 Laelius,
883 2502 974 2579 etqui
1140 2503 1181 2561 65

228 2581 318 2639 Duxit
331 2550 368 2639 ab
380 2600 515 2658 oppressa
529 2581 663 2639 meritum
678 2582 852 2657 Carthagine
867 2601 983 2656 nomen,

228 2659 350 2735 Ingenio
363 2660 474 2731 offensi,
489 2670 537 2717 aut
550 2660 618 2719 laeso
632 2658 750 2719 doluere
764 2659 892 2734 Metello,

227 2737 412 2814 Famosisque
426 2738 508 2815 Lupo
521 2751 654 2816 cooperto
668 2740 814 2797 versibusl
848 2740 938 2816 Atqui

226 2817 368 2876 Primores
381 2817 477 2895 populi
492 2819 610 2895 arripuit
622 2820 814 2896 populumque
828 2819 967 2894 tributim,

227 2896 345 2955 Scilicet
358 2898 409 2955 uni
423 2916 520 2973 aequus
534 2900 629 2956 virtuti
643 2910 728 2974 atque
741 2898 804 2975 ejus
818 2899 927 2958 amicis.
1140 2900 1180 2958 70

224 2976 318 3049 Quin,
329 2977 378 3034 ubi
392 2996 423 3033 se
437 2996 454 3034 a
467 2977 552 3053 vulgo
565 2989 594 3035 et
607 2979 696 3035 scenis
709 2978 739 3035 in
753 2988 865 3037 secreta
878 2976 1022 3038 remorant

226 3054 325 3113 Virtus
339 3056 481 3133 Scipiadae
494 3067 524 3115 et
538 3056 614 3115 mitis
627 3057 768 3132 sapientia
780 3058 863 3131 Leti,

225 3133 339 3211 Nugari
352 3154 419 3193 curn
433 3136 490 3208 illo,
505 3147 534 3195 et
548 3136 682 3194 discincti
696 3136 805 3209 ludere,
820 3138 913 3195 donec

225 3213 438 3291 Decoqueretur
451 3215 524 3289 olus,
539 3216 621 3274 soliti.
655 3184 807 3293 Quidquid
821 3235 885 3273 snm
895 3233 961 3291 ego
971 3211 1100 3291 quamvis

224 3292 305 3352 Infra
318 3294 413 3353 Lucili
428 3314 547 3353 censum
559 3295 773 3373 ingeniumque,
784 3307 880 3353 tamen
893 3313 941 3353 mo

225 3373 300 3432 Cum
315 3375 428 3449 magnis
443 3375 546 3433 vixisse
560 3375 648 3433 invita
663 3376 796 3433 fatebitur
810 3392 900 3449 usque

223 3449 346 3523 Invidia,
360 3463 390 3510 et
391 3453 507 3529 ,fragili
520 3473 651 3543 quaerens
665 3454 775 3512 illidere
789 3454 917 3525 dentem,

223 3529 360 3588 Offendet
372 3530 481 3590 solido:
502 3532 558 3589 nisi
550 3532 640 3607 quid
654 3542 696 3606 tu,
710 3533 795 3592 docte
808 3498 938 3604 Trebati,

223 3607 375 3667 Dissentis.

598 3700 760 3737 niteamus.

459 3784 600 3863 Equidem
614 3787 686 3847 nihil
700 3786 749 3847 hic
763 3769 914 3847 diffindere
924 3805 1054 3864 possum.

223 3860 283 3923 Sed
296 3872 403 3939 tamen,
417 3874 449 3925 ut
462 3864 588 3926 monitus
601 3885 714 3941 careas,
728 3886 766 3928 ne
779 3864 852 3927 lond
866 3865 966 3947 negoti
1139 3868 1180 3930 8⁰
