2617 4442
157 354 214 413 102
482 350 513 411 Q.
531 348 678 404 nondun
694 347 820 399 FLACCI

195 491 351 552 Certatim:
371 492 488 551 tandem
502 492 593 551 fessus
607 490 731 551 dormire
743 490 832 549 viator

195 572 317 649 Incipit;
338 590 373 630 ac
386 571 480 629 misse
493 583 607 648 pastum
620 570 779 629 retinacula
792 569 877 627 multe

196 651 294 709 Nauta
307 651 387 727 piger
401 670 470 708 saxo
483 650 594 727 religat,
609 650 757 725 stertitque
771 648 899 724 supinus.

196 729 318 805 Jamque
332 730 393 787 dies
407 729 514 802 aderat,
528 748 616 805 quum
631 729 672 787 nil
685 730 840 805 procedere
853 726 968 785 lintrem

197 808 359 879 Sentimus;
381 809 473 866 donec
487 810 653 868 cerebrosus
666 806 775 883 prosilit
786 825 870 879 unus,

196 889 243 945 Ac
256 887 340 945 mulae
354 898 504 963 nautasque
518 898 604 963 caput
617 886 785 961 lumbosque
798 886 909 963 saligno

196 967 285 1024 Fuste
301 966 394 1024 dolat:
415 966 516 1042 quarti
529 966 575 1023 vix
589 962 706 1024 demum
719 983 887 1040 exponimur
901 963 980 1024 horti.

196 1046 257 1104 Ora
270 1064 427 1121 manusque
441 1046 491 1104 tud
504 1045 633 1117 lavimus,
649 1044 784 1116 Feronia,
797 1043 923 1120 lymphis

196 1123 290 1182 Millia
303 1134 364 1181 tum
379 1124 475 1201 pransi
489 1123 544 1181 tria
557 1124 693 1199 repimus,
707 1135 791 1198 atque
805 1124 935 1181 subimus

196 1202 365 1279 Impositum
380 1204 455 1262 saxis
469 1200 526 1261 late
542 1202 733 1260 candentibus
746 1203 859 1259 Anxur.

197 1282 266 1340 Huc
280 1293 415 1340 venturus
429 1292 490 1340 erat
503 1280 660 1354 Maecenas,
672 1281 797 1356 optimus
811 1292 895 1357 atque

197 1361 348 1433 Cocceius,
363 1360 442 1418 missi
456 1361 567 1436 magnis
580 1362 616 1418 de
631 1361 716 1419 rebus
729 1372 849 1435 uterque

198 1439 309 1517 Legati,
323 1458 435 1499 aversos
449 1438 522 1498 soliti
534 1458 705 1516 componere
719 1438 835 1496 amicos.

164 1546 168 1553 ·
197 1518 258 1576 Hic
271 1520 363 1577 oculis
376 1538 430 1595 ego
444 1519 526 1595 nigra
539 1518 611 1575 meis
625 1518 741 1593 collyria
755 1518 850 1593 lippus

180 1596 323 1656 ·Illinere.
364 1597 479 1657 Interea
493 1596 638 1655 Maecenas
652 1596 768 1655 advenit
781 1608 866 1673 atque

197 1677 350 1749 Cocceius,
364 1677 522 1753 Capitoque
536 1676 619 1734 simul
634 1676 783 1748 Fonteius,
797 1676 834 1733 ad
848 1693 974 1751 unguem

197 1754 305 1813 Factus
319 1756 414 1829 homo,
428 1755 550 1828 Antoni,
564 1775 623 1814 non
637 1767 670 1813 ut
683 1752 776 1831 magis
789 1755 870 1828 alter,
884 1753 1003 1813 amicus.

153 1834 158 1855 ‘
236 1833 355 1892 Fundos
369 1834 486 1893 Aufidio
499 1835 595 1892 Lusco
608 1845 727 1909 praetore
738 1834 860 1891 libenter

197 1911 377 1987 Linquimus,
392 1912 486 1971 insani
500 1913 626 1971 ridentes
638 1912 757 1989 praemia
770 1912 881 1984 scribae,

197 1992 376 2063 Pretextam,
390 2002 419 2049 et
431 1992 520 2050 latum
534 1993 656 2065 clavum,
670 2010 826 2067 prunreque
839 1990 976 2050 batillum.

197 2069 233 2128 In
247 2069 457 2129 Mamurrarum
471 2070 538 2131 lassi
553 2071 658 2131 deinde
671 2072 742 2129 urbe
756 2089 917 2143 manemus,

198 2148 330 2207 Muraeni
343 2151 488 2226 praebente
502 2151 629 2224 domum,
643 2150 784 2226 Capitone
798 2150 933 2207 culinam.

236 2229 353 2287 Postera
366 2230 415 2291 lux
427 2230 515 2289 oritur
529 2227 619 2289 multb
633 2229 813 2306 gratissima:
834 2247 957 2305 namque

196 2304 305 2367 Plotius
318 2319 347 2367 et
360 2309 466 2367 Varius
480 2310 624 2367 Sinuessa
635 2308 829 2386 virgiliusque

198 2388 378 2459 Occurrunt3
400 2390 512 2463 animae,
525 2391 623 2466 quales
636 2408 729 2465 neque
743 2386 924 2446 candidiores

197 2465 291 2525 Terra
303 2468 377 2541 tulit,
391 2487 483 2545 neque
496 2470 576 2543 queis
587 2488 632 2527 me
647 2468 684 2525 sit
697 2466 854 2525 devinctior
868 2465 946 2524 alter.

197 2545 225 2602 O
239 2546 287 2622 qui
302 2548 467 2623 complexus
480 2558 510 2605 et
523 2547 629 2623 gaudia
642 2558 748 2623 quanta
762 2545 892 2603 fuerunt!
979 2544 985 2553 ’

196 2623 246 2682 Nil
260 2644 315 2701 ego
328 2626 497 2683 contulerim
508 2626 638 2701 jucundo
649 2644 736 2684 sanus
750 2624 853 2682 amico.

196 2703 332 2761 Proxima
345 2704 493 2780 Campano
506 2705 585 2781 ponti
598 2723 662 2781 quae
677 2704 772 2761 villula
784 2714 891 2762 tectum

196 2781 330 2854 Praebuit,
344 2793 373 2840 et
385 2783 511 2858 parochi,
526 2802 588 2859 que
601 2784 717 2857 debent,
731 2783 810 2860 ligna
823 2783 975 2858 salemque.

196 2860 275 2917 Hinc
289 2861 358 2918 muli
372 2861 480 2937 Capuae
495 2862 614 2920 clitellas
628 2875 754 2939 tempore
767 2872 886 2938 ponunt

195 2938 306 2998 Lusum
319 2940 341 2998 it
354 2939 500 2998 Maeceuas
507 2961 515 3011 ;
536 2940 690 2999 dormitum
704 2961 759 3018 ego
772 2938 983 3017 virgiliusque:

195 3017 327 3094 Namque
340 3019 399 3095 pila
411 3019 495 3096 lippis
509 3019 658 3078 inimicum
672 3032 701 3078 et
713 3021 812 3087 ludere
826 3019 932 3077 crudis.

234 3096 314 3156 Hinc
327 3118 380 3157 nos
394 3097 511 3157 Cocceii
525 3099 626 3177 recipit
638 3099 803 3176 plenissima
817 3098 891 3171 villa,

193 3176 270 3237 Quae
284 3196 368 3255 super
382 3188 426 3237 est
438 3178 532 3237 Caudi
547 3198 699 3255 cauponas.
740 3178 829 3236 Nunc
842 3178 912 3236 mihi
922 3176 1024 3255 paucis

195 3257 338 3315 Sarmenti
351 3276 456 3315 scurrae
469 3278 595 3336 pugnarn
610 3257 756 3333 Messique
769 3257 883 3331 Cicirri,

193 3333 289 3408 Musa,
303 3336 388 3395 velim
402 3356 558 3409 memores;
580 3350 678 3414 etque
691 3347 770 3413 patre
784 3347 869 3393 natus
883 3346 1001 3411 uterque

193 3412 354 3472 Contulerit
367 3416 438 3473 lites.
473 3416 564 3474 Messi
578 3417 687 3475 clarum
700 3435 792 3492 genus
805 3414 892 3485 0s0i3

194 3492 337 3550 Sarmenti
351 3494 467 3552 domina
480 3506 579 3553 exstat.
621 3496 669 3553 Ab
683 3496 727 3554 his
741 3494 894 3571 majoribus
907 3490 960 3551 orti
1100 3492 1140 3552 55

192 3570 240 3626 Ad
254 3590 380 3647 pugnam
394 3570 506 3631 vendre.
549 3573 629 3631 Prior
644 3575 828 3632 Sarmentus:
849 3571 956 3647 “Equi
968 3582 998 3629 te

192 3648 264 3707 Esse
278 3651 329 3708 seri
343 3651 464 3708 similem
478 3652 570 3709 dico.''
612 3652 769 3710 Ridemus:
790 3663 819 3711 et
833 3652 895 3728 ipse

191 3725 326 3802 Messius,
342 3734 360 3760 ‘⁶
368 3728 524 3805 Accipio'’;
545 3741 631 3807 caput
643 3742 674 3788 et
686 3743 787 3789 movet„
829 3737 847 3762 “
856 3730 886 3788 Ο
899 3742 950 3788 tua
962 3747 1053 3788 cornu

191 3806 231 3863 Ni
245 3807 317 3865 foret
329 3819 445 3867 exsecto
459 3808 564 3887 frons,'’
580 3810 681 3885 inquit,
695 3811 791 3884 “quid
806 3810 926 3883 faceres,
939 3826 1029 3885 quum

167 3890 178 3901 “
192 3886 242 3944 Sic
255 3887 372 3946 mutilus
385 3887 523 3946 minitaris
532 3890 543 3947 l
552 3890 569 3916 ”
611 3889 652 3945 At
666 3889 706 3946 illi
721 3888 795 3947 soeda
808 3888 926 3947 cicatrix
1099 3886 1140 3946 60
1156 3909 1165 3959 ι
