2617 4442
496 379 696 432 CARMINUM
713 383 780 433 LIB.
798 385 847 435 IV.

368 525 509 600 Auguste,
523 525 639 582 virtutes
653 526 683 582 iu
698 545 790 603 aevum

405 602 460 660 Per
474 603 569 662 titulos
583 623 779 680 memoresque
793 607 880 665 fastos

328 681 482 741 AEteruetl
501 701 529 755 o,
544 683 601 758 qud
615 683 656 740 sol
671 684 840 742 habitabiles

329 759 455 818 Illustrat
468 777 541 833 oras,
557 763 680 819 maxime
693 763 865 839 principum,

367 838 465 901 Quem
478 839 551 916 legis
564 852 697 916 expertes
710 841 821 900 Latine

407 919 553 976 Vindelici
567 918 696 977 didicere
709 940 800 996 nuper

327 995 409 1058 Quid
423 995 517 1055 Marte
531 1018 638 1074 posses.
683 998 776 1057 Milite
789 1019 857 1058 uam
871 1012 921 1059 tuo

328 1075 439 1133 Drusus
452 1077 617 1150 Genaunos,
631 1078 817 1153 implacidum
830 1099 932 1156 genus,

367 1154 552 1231 Breunosque
566 1157 689 1229 veloces,
703 1169 733 1216 et
746 1176 826 1216 arces

406 1235 529 1310 Alpibus
542 1236 687 1311 impositas
700 1237 866 1310 tremendis,

328 1311 443 1388 Dejecit
456 1332 522 1370 acer
534 1311 600 1390 plns
615 1314 677 1372 vice
690 1316 822 1392 simplici.

329 1390 422 1467 Major
437 1390 587 1449 Neronum
601 1413 667 1450 mox
680 1414 766 1470 grave
779 1395 911 1470 proelium

367 1470 528 1542 Commisit,
542 1472 737 1547 immanesque
750 1474 872 1532 Rhetos

409 1549 554 1624 Auspiciis
568 1551 677 1625 pepulit
690 1551 844 1608 secundis:

328 1628 519 1705 spectandus,
530 1628 560 1684 in
574 1629 731 1686 certamine
745 1628 860 1703 Martio,

328 1706 438 1765 Devotn
451 1707 534 1767 morti
548 1717 664 1783 pectora
676 1706 772 1766 liberae

366 1785 493 1848 Quantis
507 1787 637 1862 fatigaret
650 1787 750 1859 ruinis,

406 1864 563 1923 Indomitos
576 1863 666 1941 prope
681 1867 771 1942 qualis
785 1868 877 1926 undas

327 1943 449 2003 Exercet
462 1945 578 2016 Auster,
592 1944 742 2007 Pleiadum
756 1947 844 2005 choro

328 2024 484 2082 Scindeute
497 2024 599 2096 nubes,
614 2025 734 2101 impiger
748 2027 872 2084 hostium

366 2103 478 2160 Vexare
491 2115 609 2176 turmas,
624 2115 653 2160 et
667 2105 835 2162 frementem

404 2179 518 2238 Mittere
532 2199 637 2257 equum
650 2183 760 2240 medios
772 2203 824 2259 per
837 2184 927 2260 ignes.

328 2259 379 2317 Sic
392 2261 564 2317 tauriformis
577 2261 696 2318 volvitur
711 2262 846 2334 Aufidus,

325 2339 388 2400 Qui
409 2357 498 2413 regua
511 2338 608 2394 Dauni
622 2338 743 2412 praefluit
752 2340 874 2415 -Appnli,

364 2416 467 2477 Quum
481 2417 570 2488 saevit,
584 2417 811 2492 horrendamque
824 2418 908 2476 cultis

406 2493 549 2552 Diluviem
563 2495 716 2553 meditatur
730 2497 821 2572 agris3

325 2573 364 2633 Ut
377 2572 559 2631 barbarorum
574 2574 713 2632 Claudius
726 2575 843 2652 agmina

325 2653 444 2711 Ferrata
456 2663 534 2710 vasto
548 2653 635 2711 diruit
648 2654 767 2730 impetu,

364 2731 529 2808 Primusque
543 2743 572 2790 et
584 2744 726 2792 extremos
738 2735 882 2808 metendo,

404 2813 508 2869 Stravit
521 2813 650 2885 humum,
664 2813 727 2871 siue
740 2813 822 2872 clade
835 2816 934 2891 victor,

325 2889 371 2948 Te
387 2891 492 2967 copias,
506 2901 535 2948 te
549 2893 710 2965 consilium,
725 2903 753 2950 et
764 2903 828 2951 tuos

326 2967 475 3028 Praebeute
489 2971 583 3029 divos:
604 2989 683 3044 nain,
697 2972 748 3028 tibi
762 2991 817 3046 quo
831 2973 878 3032 dia

365 3047 466 3106 Portus
481 3049 664 3108 Alexandrea
675 3051 796 3126 supplex
936 3124 939 3128 ι

403 3126 442 3186 Et
454 3146 572 3186 vacuam
586 3129 721 3205 patefecit
734 3129 840 3201 aulam,

326 3203 555 3264 Fortuna-lustro
568 3226 704 3282 prospera
716 3208 800 3264 tertio

326 3283 397 3342 Belli
405 3288 549 3343 secundos
563 3284 687 3342 reddidit
701 3285 803 3356 exitus,

364 3363 550 3438 Laudemque
561 3373 591 3420 et
603 3372 731 3438 optatum
744 3363 867 3438 peractis

404 3441 535 3518 Imperiis
549 3443 638 3498 decus
651 3441 799 3518 arrogavit.

324 3519 371 3579 Te
385 3521 529 3578 Cantaber
539 3539 597 3578 non
612 3518 679 3578 ante
691 3521 849 3596 domabilis,

324 3597 494 3675 Mediaque,
508 3613 538 3658 et
551 3599 650 3673 Indus,
665 3611 693 3658 te
712 3602 848 3679 profugus
861 3603 984 3682 Scythes

363 3677 495 3750 Miratur,
508 3699 526 3738 o
540 3679 627 3737 tutela
639 3698 766 3757 praeseus

403 3756 493 3816 Italiae
507 3759 685 3834 dominaeque
698 3759 820 3819 Romae:

325 3834 382 3908 Te,
397 3837 517 3895 fontium
530 3838 579 3913 qui
592 3838 669 3896 celat
681 3837 817 3914 origines,

324 3913 475 3992 Nilusque,
488 3928 517 3975 et
529 3916 613 3992 ister,
627 3927 657 3975 te
670 3918 786 3994 rapidus
799 3916 908 3997 Tigris,
