2617 4442
293 687 341 779 Q.
381 682 668 761 HORATII
711 682 959 759 FLACCI

410 952 845 1020 EPISTOLARUM

461 1188 567 1237 LIBER
594 1187 790 1238 SECUNDUS.

505 1608 710 1669 EPISTOLA
723 1608 747 1668 Ι.

512 1748 552 1787 ΔΒ
566 1747 739 1789 AUGUSTUM·

169 1850 267 1913 Quuu
280 1860 322 1909 tot
334 1850 475 1908 sustineas
489 1860 518 1907 et
531 1859 611 1907 tanta
624 1848 740 1925 negotia
753 1848 839 1922 solus,

170 1930 233 1989 Res
246 1929 332 1987 Italas
346 1929 432 1987 armis
445 1928 554 2000 tuteris,
566 1928 692 1986 moribus
706 1947 801 2002 ornes,

170 2008 296 2085 Legibus
309 2009 456 2080 emendes,
470 2006 500 2063 in
514 2007 629 2084 publiea
643 2008 794 2066 commoda
806 2025 937 2084 peccem,

170 2088 203 2147 si
216 2089 301 2164 longo
314 2106 445 2145 sermone
458 2106 551 2145 morer
564 2097 615 2145 tua
627 2097 765 2163 tempora,
779 2087 886 2146 Caesar.

209 2167 362 2239 Romulus,
376 2177 406 2225 et
418 2166 504 2225 Liber
518 2177 608 2243 pater,
622 2177 733 2225 etcum
747 2166 865 2225 Castore
879 2167 989 2244 Pollux,
1104 2171 1125 2229 ὅ

169 2247 238 2307 Post
250 2247 379 2325 ingentia
393 2246 477 2319 faeta,
491 2246 610 2304 deorum
623 2246 654 2304 in
669 2247 776 2323 templa
788 2248 906 2323 reoepti,

169 2326 247 2385 Dum
260 2338 350 2386 terras
363 2327 568 2401 bominumque
582 2324 681 2384 oolunt
694 2345 795 2402 genus,
809 2321 910 2402 aspera
923 2328 997 2386 bella

170 2407 363 2483 componunt,
377 2426 460 2483 agros
473 2408 629 2483 assignant,
643 2406 747 2482 oppida
760 2407 897 2481 condunt,

170 2485 321 2545 Ploravdre
335 2487 394 2544 suis
408 2506 466 2546 non
480 2486 652 2562 respondere
666 2485 788 2543 favorem
1018 2553 1027 2567 N

170 2566 192 2622 S
229 2576 321 2624 ratum
335 2565 454 2623 meritis.
494 2564 595 2622 Diram
608 2565 658 2640 qui
673 2565 804 2623 oontudit
818 2566 948 2642 hydram,
1087 2569 1123 2626 10

201 2656 306 2721 otaque
320 2644 397 2702 fatali
409 2654 540 2719 portenta
553 2644 649 2702 labore
664 2644 785 2721 subegit,

170 2723 316 2799 Comperit
329 2723 464 2781 invidiam
479 2741 612 2799 supremo
625 2723 682 2781 fine
697 2725 814 2782 domari.

169 2801 234 2860 Urit
246 2803 323 2859 enirn
338 2802 446 2877 fulgore
460 2820 522 2873 suo,
536 2802 584 2877 qui
597 2814 755 2879 praegravat
769 2816 844 2861 artes

169 2880 249 2938 Infra
262 2900 292 2938 se
305 2881 427 2957 positas:
449 2881 606 2939 exstinctus
620 2883 761 2940 amabitur
775 2884 860 2941 idem.

169 2959 306 3018 Praesenti
319 2960 371 3017 tibi
385 2970 509 3018 maturos
524 2960 660 3037 largimur
674 2962 805 3034 honores,

169 3037 187 3094 J
190 3039 368 3115 urendasque
382 3049 462 3096 tuum
475 3059 525 3115 per
539 3059 644 3097 nomen
659 3041 791 3116 ponimus
806 3062 877 3115 aras,

169 3117 220 3175 Nil
233 3119 371 3177 oriturum
387 3116 466 3191 alias,
481 3119 520 3177 nil
535 3130 627 3177 ortum
642 3120 699 3177 tale
714 3121 843 3178 fatentes.

170 3198 228 3255 Sed
242 3208 307 3256 tuus
321 3199 368 3257 hio
381 3198 512 3277 populus,
527 3200 641 3276 sapiens
654 3211 684 3257 et
694 3199 787 3276 justus
801 3200 831 3256 in
846 3220 914 3275 uno,

169 3276 215 3335 Te
230 3279 333 3337 nostris
347 3279 478 3352 ducibus,
493 3290 521 3337 te
534 3280 629 3337 Graiis
643 3279 836 3351 anteferendo,

169 3357 281 3415 Caetera
295 3358 474 3434 nequiquam
488 3360 574 3416 simili
588 3359 697 3417 ratione
711 3359 852 3433 modoque

169 3435 321 3506 AEstimat;
342 3449 380 3508 et,
394 3437 449 3494 nisi
463 3456 525 3512 quae
539 3438 621 3496 terris
635 3447 744 3496 semota
757 3438 873 3512 suisque

118 3522 122 3531 '
169 3514 361 3590 Temporibus
375 3515 511 3572 defuncta
524 3517 610 3588 videt,
626 3517 733 3575 fastidit
745 3528 775 3574 et
788 3518 865 3575 odit:

170 3593 220 3651 Sic
233 3593 324 3652 fautor
338 3604 475 3664 veterum,
488 3604 521 3650 ut
534 3594 644 3652 tabulas
658 3614 780 3671 peecare
792 3607 931 3668 vetantes,

168 3672 252 3733 Quas
267 3671 310 3731 bis
324 3671 449 3748 quinque
463 3672 515 3729 viri
529 3685 693 3747 sanxerunt,
709 3676 816 3733 foedera
829 3694 930 3753 regum

169 3750 225 3809 Vel
238 3750 338 3808 Gabiis
352 3750 395 3808 vel
409 3770 476 3810 cum
490 3752 589 3828 rigidis
603 3764 713 3829 aequata
727 3755 852 3828 Sabinis,
1083 3752 1126 3812 25

169 3829 341 3888 Pontificum
355 3830 451 3902 libros,
465 3850 574 3889 annosa
587 3832 731 3891 volumina
744 3845 851 3908 vatum,

169 3906 291 3965 Dictitet
304 3908 420 3968 Albano
433 3909 534 3968 Musas
548 3910 577 3967 in
592 3924 689 3970 monte
703 3912 821 3971 locutas.
