2617 4442
541 341 571 398 Q.
590 342 736 392 HORATII
753 346 879 397 sunuel

354 543 362 556 ι
409 479 538 560 sl'ellure,
552 483 690 542 victorum
703 497 822 564 nepotes

449 559 562 619 Retulit
575 563 691 622 inferias
704 565 861 642 Jugurthae.

369 636 447 700 Quis
459 658 528 712 non,
539 639 642 700 Latino
656 645 795 720 sanguine
808 646 950 724 pinguior,

370 715 498 793 Campus
511 720 647 796 sepulcris
661 722 747 798 impia
760 724 859 799 proelia

408 794 554 871 Testatur,
569 800 752 876 auditumque
766 801 862 861 Medis

448 873 596 952 Hesperiae
610 879 733 936 sonitum
747 881 860 939 ruinael

367 950 430 1014 Qui
443 971 557 1030 gurges,
572 966 620 1014 aut
632 977 696 1032 que
708 957 826 1018 flumina
838 962 970 1038 lugubris

367 1028 473 1108 Ignara
487 1033 573 1091 bellil
593 1038 668 1109 quod
681 1056 760 1095 mare
770 1037 892 1097 Daunias

407 1108 688 1172 Nondecoloravdre
701 1117 815 1175 caedesl

443 1187 520 1251 Quae
534 1204 613 1252 caret
625 1213 676 1252 ora
688 1213 789 1254 cruore
799 1199 915 1256 nostro‘l

366 1265 425 1323 Sed
439 1285 486 1342 ne,
500 1270 616 1345 relictis,
631 1272 717 1331 Musa
729 1294 843 1351 procax,
854 1276 937 1352 jocis,

366 1343 435 1402 Ceae
447 1358 582 1407 retractes
596 1371 716 1410 munera
728 1351 759 1409 N
760 1354 856 1413 aeniae:

405 1421 524 1505 Mecum
537 1428 658 1488 Dionaeo
684 1433 738 1489 sub
751 1444 833 1492 antro

447 1505 556 1568 Quaere
570 1508 670 1567 modos
682 1509 786 1569 leviore
799 1512 915 1588 plectro.

630 1819 715 1878 ODE
735 1821 766 1879 II

502 1955 542 1996 AD
556 1957 687 1997 CRISPUM
701 1958 895 2000 smusururu.

401 2054 431 2113 N
433 2073 524 2114 umus
539 2065 655 2132 argento
669 2057 745 2116 color
759 2070 803 2117 est
815 2061 906 2119 avaris

400 2134 509 2193 Abdito
520 2136 610 2207 terris,
625 2135 742 2196 inimice
754 2139 858 2197 lamnae

399 2211 501 2291 Crispe
515 2214 640 2286 Sallusti,
654 2215 709 2273 nisi
722 2227 878 2295 temperato

597 2294 753 2370 Splendeat
765 2315 828 2355 usu.

398 2369 484 2429 Vivet
496 2381 611 2430 extento
625 2373 790 2434 Proculeius
804 2396 873 2449 evo,

399 2447 495 2508 Notus
508 2451 538 2507 in
553 2451 651 2509 fratres
666 2454 753 2511 animi
766 2457 893 2531 paterni:

401 2525 488 2585 Illum
501 2539 567 2604 aget
579 2531 675 2604 pennu
689 2542 834 2590 metuente
848 2535 917 2592 solvi

595 2605 686 2663 Fama
698 2621 849 2684 superstes.

398 2681 498 2742 Latius
511 2703 613 2760 regnes
627 2684 740 2744 avidum
755 2689 898 2748 domando

397 2761 544 2838 Spiritum,
558 2761 643 2838 qudm
657 2765 681 2821 si
695 2766 815 2842 Libyam
828 2770 944 2828 remotis

395 2839 524 2898 Gadibus
534 2841 648 2918 jungas,
662 2856 692 2902 et
704 2856 821 2921 uterque
834 2847 941 2908 Poenus

593 2923 705 2982 Serviat
718 2925 777 2982 uni.

395 2996 508 3058 Crescit
520 2999 673 3077 indulgens
686 3003 740 3061 sibi
753 3005 831 3063 dirus
842 3006 981 3085 hydrops3

394 3074 460 3134 Nec
473 3079 549 3137 sitim
562 3080 651 3156 pellit,
666 3082 721 3139 nisi
736 3098 823 3141 causa
836 3086 927 3144 morbi

396 3154 515 3234 Fugerit
528 3159 617 3230 venis,
631 3171 662 3218 et
674 3180 795 3237 aquosus
809 3163 873 3221 albo

593 3239 720 3316 Corpore
734 3240 862 3318 languor.

395 3312 554 3375 Redditum
569 3317 636 3392 Cyri
651 3320 722 3378 solio
735 3320 887 3394 Phraaten,

392 3391 543 3453 Dissidens
556 3395 641 3470 plebi,
655 3416 775 3458 numero
788 3399 934 3458 beatorum

394 3469 503 3530 Eximit
516 3473 630 3542 Virtus3
651 3477 844 3554 populumque
858 3479 935 3537 falsis

591 3551 722 3613 Dedocet
734 3557 776 3613 uti

393 3626 536 3700 Vocibus;
558 3648 678 3706 regnum
692 3643 722 3691 et
742 3635 873 3694 diadema
882 3646 974 3695 tutum

367 3755 372 3762 ,
392 3705 533 3766 Deferens
546 3709 606 3782 uui,
620 3713 816 3788 propriamque
826 3714 949 3783 laurum,

392 3784 533 3864 Quisquis
547 3788 679 3865 ingentes
691 3792 775 3851 oculo
788 3793 918 3854 irretorto

592 3869 709 3945 Spectat
722 3889 846 3930 acervos
