2617 4442
153 362 209 420 122
477 358 509 414 Q.
529 356 675 405 HORATII
693 356 818 405 FLACCI

187 500 338 577 Desipiant
350 520 450 560 omnes
465 497 545 577 aequd
560 520 594 559 ac
608 512 650 573 tu,
663 500 712 576 qui
726 499 777 557 tibi
790 518 896 559 nomen

187 581 294 640 Insano
308 579 438 657 posuere.
473 580 561 638 Velut
574 580 662 651 silvis,
677 579 726 635 ubi
739 579 844 654 passim

188 660 322 717 Palantes
336 679 412 717 error
427 669 506 717 certo
519 660 556 717 de
569 658 682 717 tramite
696 658 785 733 pellit,

188 738 241 796 Ille
255 738 458 810 sinistrorsum,
472 738 520 795 hic
535 739 712 795 dextrorsum
727 737 786 794 abit
794 755 801 807 ;
823 755 899 793 unus
912 734 1024 813 utrique
1105 740 1145 797 50

188 818 283 890 Error,
298 818 350 875 sed
364 817 448 875 variis
463 818 556 876 illudit
565 817 713 894 partibus:
735 817 789 873 hoo
803 827 832 873 te

187 896 282 955 Crede
296 897 381 955 modo
396 898 539 969 insanum,
553 896 643 955 nihilo
658 906 689 954 ut
700 895 854 970 sapientior
868 894 925 965 ille,

184 976 248 1038 Qui
262 987 290 1033 te
304 976 423 1052 deridet,
428 977 550 1034 caudam
563 977 665 1034 trabat
699 974 753 1031 Est
765 992 857 1050 genus
870 992 961 1030 unum

187 1056 329 1127 stultitia,
344 1056 465 1113 nihilum
478 1057 633 1114 metuenda
646 1053 788 1123 timentis;
809 1064 841 1110 ut
854 1053 946 1129 ignes,

186 1134 226 1192 Ut
238 1153 333 1211 rupes,
347 1133 501 1210 fluviosque
516 1135 546 1193 in
560 1152 663 1211 campo
675 1134 787 1191 obstare
800 1144 950 1208 queratur:
1102 1135 1143 1195 55

186 1214 318 1272 Alterum
332 1224 361 1271 et
374 1214 442 1271 huic
456 1213 574 1287 varium,
589 1224 618 1273 et
632 1212 722 1271 nihilo
736 1211 903 1289 sapientius,
916 1211 998 1288 ignes

186 1293 242 1351 Per
256 1292 367 1351 medios
379 1291 535 1369 fluviosque
548 1292 667 1351 ruentis.
702 1292 816 1349 Clamet
828 1290 922 1348 amica

187 1370 291 1445 Mater,
306 1373 428 1432 honesta
441 1392 528 1446 soror,
542 1392 609 1432 cum
623 1372 762 1448 cognatis,
776 1381 865 1448 pater,
880 1388 969 1428 uxor:

187 1456 195 1483 ‘
211 1451 271 1509 Hic
285 1451 359 1510 fossa
372 1462 415 1511 est
428 1452 548 1529 ingens!
570 1450 619 1509 bic
632 1470 718 1527 rupes
731 1450 870 1507 maxima!
892 1468 972 1507 serva
984 1450 1000 1506 l’

185 1531 254 1590 Non
268 1529 359 1607 magis
374 1532 503 1604 audierit,
517 1528 603 1608 quam
617 1529 723 1588 Fusius
735 1529 831 1588 ebrius
843 1529 922 1602 olim,
1101 1533 1142 1591 60

185 1611 288 1673 Quum
301 1610 424 1670 Ilionam
437 1611 568 1683 edormit,
582 1608 712 1668 Catienis
724 1608 802 1667 mille
816 1606 958 1679 ducentis,

187 1694 194 1721 ‘
207 1689 311 1764 Mater,
322 1701 349 1749 te
364 1690 492 1768 appello,'
507 1689 705 1748 clamantibus.
739 1688 818 1746 Huic
828 1708 883 1765 ego
896 1690 1011 1763 vulgum

186 1769 283 1827 Errori
298 1770 419 1827 similem
433 1780 569 1828 cunctum
585 1769 710 1826 insanire
723 1767 841 1826 docebo.

186 1848 299 1906 Insanit
311 1859 420 1906 veteres
433 1858 540 1906 statuas
554 1847 745 1925 Damasippus
758 1848 889 1906 emendo.

187 1926 303 2004 Integer
317 1938 361 1986 est
374 1927 478 1985 mentis
491 1926 658 2003 Damasippi
673 1926 814 1985 creditori
847 1926 934 1985 Esto:
1097 1928 1138 1985 65

83 2026 87 2033 ·
187 2012 195 2038 ‘
210 2006 321 2084 Accipe
332 2008 407 2082 quod
422 2025 567 2081 nunquam
582 2006 685 2064 reddas
698 2006 788 2078 mihi,'
803 2006 827 2063 si
841 2006 893 2065 tibi
907 2006 1019 2078 dicam;

186 2083 274 2143 Tune
288 2087 405 2143 insanus
418 2085 474 2144 eris
488 2086 513 2142 si
527 2085 682 2160 acceperis,
696 2104 734 2142 an
748 2082 840 2162 magis
853 2104 954 2144 excors

186 2164 309 2242 Rejectd
321 2166 419 2243 praedri
432 2184 517 2242 quarn
531 2183 655 2242 praesens
670 2164 834 2223 Mercurius
848 2165 922 2223 ferti

187 2245 287 2303 Scribe
301 2246 401 2303 decern
416 2266 433 2304 a
446 2245 554 2305 Nerio:
574 2264 633 2302 non
648 2255 691 2302 est
704 2241 789 2315 satis;
811 2244 885 2302 adde
900 2243 1011 2303 Cicutae

185 2322 295 2382 Nodosi
309 2324 419 2383 tabulas
433 2336 566 2395 centum;
588 2324 666 2382 mille
680 2324 753 2382 adde
767 2333 901 2382 catenas:
1099 2324 1139 2382 70

186 2403 313 2480 Effugiet
326 2414 421 2463 tamen
436 2406 498 2463 haec
512 2405 667 2463 sceleratus
680 2403 794 2461 vincula
807 2403 934 2461 Proteus.

185 2482 286 2544 Quum
300 2484 393 2560 rapies
406 2484 436 2541 in
448 2484 495 2559 jus
508 2484 591 2541 malis
605 2484 745 2541 ridentem
760 2482 869 2554 alienis,

185 2560 251 2619 Fiet
265 2581 342 2637 aper,
356 2560 441 2620 modb
456 2563 523 2634 avis,
538 2560 623 2620 modb
638 2581 748 2633 saxum,
762 2573 801 2634 et,
812 2581 897 2637 quum
909 2561 992 2631 volet,
1005 2560 1096 2619 arbor.

187 2641 218 2697 Si
232 2637 307 2697 male
322 2660 382 2698 rem
397 2660 496 2737 gerere
510 2640 603 2698 insani
617 2651 676 2709 est;
699 2639 799 2700 coutrd
814 2642 897 2713 bene,
912 2640 992 2698 sani:

185 2717 316 2776 Putidius
330 2719 420 2776 multo
435 2720 583 2777 cerebrum
598 2730 650 2792 cst,
666 2720 736 2777 mihi
750 2720 845 2792 crede,
859 2719 968 2793 Perilli,
1097 2720 1138 2777 75

184 2795 327 2854 Dictantis
340 2798 415 2873 quod
429 2808 459 2856 tu
474 2818 619 2873 nunquam
633 2799 789 2856 rescribere
800 2799 898 2875 possis.

184 2876 304 2947 Audire,
319 2888 402 2953 atque
415 2888 511 2953 togam
522 2877 609 2953 jubeo
623 2896 805 2953 componere,
820 2878 946 2953 quisquis

183 2954 350 3013 Ambitione
364 2957 439 3014 mald
453 2967 502 3014 aut
515 2956 625 3031 argenti
638 2957 727 3033 pallet
740 2976 845 3030 amore,

181 3033 322 3108 Quisquis
335 3035 456 3105 luxuriis,
470 3034 577 3093 tristive
592 3036 801 3111 superstitione,

182 3114 244 3171 Aut
257 3113 312 3171 alio
326 3115 429 3172 mentis
443 3115 541 3172 morbo
555 3114 643 3185 calet;
665 3116 723 3172 huc
736 3112 852 3192 propiirs
865 3134 923 3188 me,
1097 3114 1139 3172 80

181 3191 259 3249 Dum
273 3193 363 3252 doceo
378 3193 502 3252 insanire
513 3213 622 3267 omnes,
634 3214 683 3252 vos
696 3195 797 3252 ordine
811 3194 896 3251 adite.

181 3271 285 3329 Danda
299 3284 342 3331 est
355 3273 471 3331 ellebori
486 3272 576 3332 multo
590 3294 655 3351 pars
669 3274 793 3330 maxima
807 3273 915 3330 avaris:

179 3348 287 3410 Nescio
301 3372 337 3409 an
350 3354 517 3447 Anticpram
532 3355 602 3412 ratio
615 3354 671 3412 illis
685 3353 807 3410 destinet
819 3370 943 3409 omnem.
1039 3406 1050 3422 ,

181 3427 320 3487 Haeredes
335 3432 447 3487 Staberi
462 3451 602 3488 summam
616 3430 746 3489 incidire
760 3432 906 3509 sepulcro:

179 3506 209 3563 N
211 3508 219 3563 i
234 3508 276 3564 sic
290 3508 434 3580 fecissent,
449 3509 637 3583 gladiatorum
651 3511 719 3568 dare
734 3510 851 3568 centum
1095 3506 1137 3565 85

179 3582 314 3642 Damnati
327 3587 432 3662 populo
445 3586 533 3661 paria,
548 3598 632 3661 atque
646 3589 761 3663 epulum
776 3589 891 3647 arbitrio
905 3586 983 3659 Arri,

179 3662 329 3721 Frumenti
340 3674 477 3739 quantum
489 3666 570 3722 metit
583 3666 692 3724 Africa.
730 3668 796 3725 Sive
810 3688 865 3744 ego
877 3663 974 3744 prave,

179 3742 238 3799 Seu
251 3738 340 3814 recte,
355 3744 409 3800 hoc
423 3743 507 3815 volui,
522 3761 559 3801 ne
574 3745 612 3801 sis
625 3755 742 3821 patruus
756 3748 844 3806 mihi.'
886 3745 983 3802 Credo

179 3820 246 3877 Hoc
260 3820 371 3878 Staberi
384 3822 554 3898 prudentem
569 3824 696 3881 animum
710 3825 847 3883 vidisse..
860 3826 885 3883 .’'
901 3823 1012 3885 “Quid
1025 3842 1095 3900 ergo

179 3898 285 3970 Sensit,
299 3918 385 3975 quum
400 3918 540 3959 summam
554 3901 708 3978 patrimoni
722 3904 883 3980 insculpere
898 3921 967 3961 saxo
1094 3903 1136 3962 90
