2617 4442
519 371 550 427 Q.
568 370 715 420 HORATII
732 370 856 421 FLAccr

388 513 514 586 Gaudes,
529 513 639 589 apricos
653 524 737 571 necte
752 513 844 586 flores,

427 591 521 649 Necte
535 611 600 650 meo
614 592 722 652 Lamiae
736 611 882 664 coronam,

349 670 471 746 Pimplei'
484 669 593 728 dulcis!
614 673 654 729 nil
669 673 732 732 sine
745 683 774 730 te
787 671 845 728 mei

349 749 472 810 Possunt
485 750 625 807 honores:
648 753 726 808 huuc
739 751 844 808 fidibus
856 749 947 824 novis,

389 828 479 888 Hunc
493 827 597 887 Lesbio
611 849 723 888 sacrare
736 830 853 907 plectro,

428 906 530 983 Teque
544 917 664 986 tuasque
678 910 761 966 decet
775 926 893 966 sorores.

579 1218 664 1277 ODE
677 1217 780 1277 XXII.

585 1355 625 1396 ΔΙ)
640 1356 781 1396 somnus,

349 1458 447 1517 Narrs
462 1458 492 1516 in
506 1476 589 1515 usum
603 1457 708 1516 laetitiae
722 1457 837 1532 scyphis

352 1537 490 1614 Pugnare,
504 1536 652 1594 Thracum
664 1546 715 1594 est.
757 1535 864 1594 Tollite
878 1536 1027 1596 barbarum

389 1616 512 1689 Morem,
526 1617 777 1690 verecundumque
790 1615 938 1673 Bacchum

427 1695 599 1771 Sanguineis
612 1695 760 1770 prohibete
772 1695 849 1752 rixis.

347 1773 425 1831 Vino
438 1785 467 1831 et
480 1773 605 1831 lucernis
619 1771 725 1828 Medus
739 1773 872 1828 acinaces

347 1848 477 1909 Immanis
491 1848 628 1926 quantiam
643 1850 803 1924 discrepat!
825 1849 949 1927 Impium

387 1929 489 1988 Leuite
503 1929 667 2000 clamorem,
681 1928 801 2000 sodales,

426 2007 464 2066 Et
478 2008 574 2066 cubito
587 2018 732 2066 remanete
745 2025 850 2084 presso.

574 2321 660 2380 ODE
672 2319 793 2380 XXIII.

596 2463 764 2503 Incuruas.

270 2575 288 2605 “
296 2568 345 2629 Tu
360 2567 446 2627 maris
458 2577 488 2624 et
500 2577 582 2624 terrra
595 2583 771 2639 numeroque
784 2567 908 2624 carentis
922 2587 1017 2627 arenas

425 2645 589 2703 Mensorem
603 2643 747 2715 cohibent,
762 2643 899 2719 Archyta,
948 2692 950 2697 .

270 2725 396 2784 Pulveris
410 2724 506 2800 exigui
519 2742 606 2800 prope
619 2721 697 2779 littus
709 2740 795 2798 parva
809 2721 953 2781 Matinum

427 2801 566 2872 Munera3
587 2820 643 2858 nec
656 2801 809 2876 quidquam
821 2802 873 2858 tibi
886 2803 1001 2878 prodest

270 2883 374 2942 Aerias
388 2882 513 2940 tentisse
527 2881 634 2952 domos,
649 2880 800 2954 animoque
814 2881 967 2938 rotundum

427 2959 604 3018 Percurrisse
616 2959 723 3035 polum,
737 2958 872 3017 morituro
881 2960 915 3017 !.'’

272 3039 415 3098 “Occidit
428 3050 457 3096 et
470 3038 582 3114 Pelopis
595 3039 716 3115 genitor,
731 3039 850 3095 conviva
864 3039 992 3113 deorum,

425 3116 625 3192 Tithonusque
639 3128 763 3175 remotus
774 3118 804 3173 in
818 3137 911 3188 auras,

270 3195 308 3256 Et
322 3196 400 3255 Jovis
414 3197 525 3254 arcanis
539 3195 636 3254 Minos
650 3196 808 3253 admissus:
829 3197 990 3271 habentque

427 3274 549 3333 Tartara
562 3274 752 3346 Panthoiden,
767 3275 868 3332 iterum
881 3273 961 3333 Orco

270 3355 442 3426 Demissum‚
456 3355 592 3430 quamvis
607 3354 708 3430 clypeo
721 3353 848 3430 Trojana
861 3353 947 3412 refixo

428 3432 573 3508 Tempora
585 3443 713 3504 testatus,
727 3433 799 3490 nihil
813 3432 887 3490 ultra

270 3510 300 3568 N
302 3529 382 3570 ervos
395 3521 478 3586 atque
492 3521 588 3568 cutem
602 3511 685 3568 morti
699 3523 880 3569 concesserat
893 3522 976 3580 atrae3

428 3588 532 3647 Indice
546 3608 602 3660 me,
616 3608 675 3646 non
689 3590 819 3647 sordidus
832 3600 931 3648 auctor

272 3667 390 3734 Naturae
404 3667 525 3742 verique.
567 3667 625 3724 Sed
639 3687 739 3724 omnes
752 3687 810 3725 una
823 3680 919 3726 manet
932 3687 998 3741 uox,
1054 3721 1058 3724 .

429 3746 467 3803 Et
480 3747 618 3804 calcanda
632 3747 719 3803 semel
733 3747 779 3803 via
791 3747 848 3804 leti.

272 3825 351 3884 Dant
364 3825 433 3885 alios
447 3825 542 3884 Furiae
556 3837 634 3883 torvo
647 3826 810 3901 spectacula
823 3825 927 3882 Marti:

430 3904 525 3964 Exitio
539 3914 583 3963 est
596 3905 709 3962 avidum
724 3924 801 3963 mare
815 3905 926 3962 nautis:
