<?xml version="1.0" encoding="UTF-8"?>
<!DOCTYPE html PUBLIC "-//W3C//DTD XHTML 1.0 Transitional//EN"
    "http://www.w3.org/TR/xhtml1/DTD/xhtml1-transitional.dtd">
<html xmlns="http://www.w3.org/1999/xhtml" xml:lang="en" lang="en">
 <head>
  <title>
</title>
<meta http-equiv="Content-Type" content="text/html;charset=utf-8" />
  <meta name='ocr-system' content='tesseract 3.04.00' />
  <meta name='ocr-capabilities' content='ocr_page ocr_carea ocr_par ocr_line ocrx_word'/>
</head>
<body>
  <div class='ocr_page' id='page_1' title='image "./opera03horagoog_0185.png"; bbox 0 0 2617 4442; ppageno 0'>
   <div class='ocr_carea' id='block_1_1' title="bbox 471 401 1177 472">
    <p class='ocr_par' dir='ltr' id='par_1_1' title="bbox 471 401 1177 472">
     <span class='ocr_line' id='line_1_1' title="bbox 471 401 1177 472; baseline 0.024 -17"><span class='ocrx_word' id='word_1_1' title='bbox 471 401 718 457; x_wconf 69' lang='lat' dir='ltr'>seleucianum</span> <span class='ocrx_word' id='word_1_2' title='bbox 735 405 801 456; x_wconf 75' lang='grc' dir='ltr'>ΗΒ.</span> <span class='ocrx_word' id='word_1_3' title='bbox 819 406 854 457; x_wconf 92' lang='lat' dir='ltr'>ll.</span> <span class='ocrx_word' id='word_1_4' title='bbox 872 410 895 457; x_wconf 91' lang='lat'>1.</span> <span class='ocrx_word' id='word_1_5' title='bbox 1120 412 1177 472; x_wconf 77' lang='grc'>175</span> 
     </span>
    </p>
   </div>
   <div class='ocr_carea' id='block_1_2' title="bbox 221 548 1177 4033">
    <p class='ocr_par' dir='ltr' id='par_1_2' title="bbox 225 548 914 627">
     <span class='ocr_line' id='line_1_2' title="bbox 225 548 914 627; baseline 0.001 -18"><span class='ocrx_word' id='word_1_6' title='bbox 225 550 395 627; x_wconf 79' lang='lat' dir='ltr'>Divitiaeque</span> <span class='ocrx_word' id='word_1_7' title='bbox 407 549 581 627; x_wconf 78' lang='lat' dir='ltr'>peregrinae;</span> <span class='ocrx_word' id='word_1_8' title='bbox 602 550 705 627; x_wconf 87' lang='lat' dir='ltr'>quibus</span> <span class='ocrx_word' id='word_1_9' title='bbox 717 548 822 608; x_wconf 88' lang='lat' dir='ltr'>oblitus</span> <span class='ocrx_word' id='word_1_10' title='bbox 835 561 914 610; x_wconf 87' lang='lat' dir='ltr'>actor</span> 
     </span>
    </p>

    <p class='ocr_par' dir='ltr' id='par_1_3' title="bbox 225 630 1177 848">
     <span class='ocr_line' id='line_1_3' title="bbox 225 630 1177 702; baseline 0.002 -11"><span class='ocrx_word' id='word_1_11' title='bbox 225 632 327 693; x_wconf 80' lang='lat' dir='ltr'>Quum</span> <span class='ocrx_word' id='word_1_12' title='bbox 341 630 418 689; x_wconf 91' lang='lat' dir='ltr'>stetit</span> <span class='ocrx_word' id='word_1_13' title='bbox 431 630 461 687; x_wconf 92' lang='lat' dir='ltr'>in</span> <span class='ocrx_word' id='word_1_14' title='bbox 475 630 573 702; x_wconf 67' lang='lat' dir='ltr'>sceui,</span> <span class='ocrx_word' id='word_1_15' title='bbox 588 630 733 687; x_wconf 78' lang='lat' dir='ltr'>concurrit</span> <span class='ocrx_word' id='word_1_16' title='bbox 746 632 862 689; x_wconf 81' lang='lat' dir='ltr'>dextera</span> <span class='ocrx_word' id='word_1_17' title='bbox 872 630 960 689; x_wconf 69' lang='lat' dir='ltr'>leve.</span> <span class='ocrx_word' id='word_1_18' title='bbox 1117 633 1177 693; x_wconf 70' lang='lat'>205</span> 
     </span>
     <span class='ocr_line' id='line_1_4' title="bbox 225 706 1115 787; baseline 0.001 -18"><span class='ocrx_word' id='word_1_19' title='bbox 225 710 306 769; x_wconf 83' lang='lat' dir='ltr'>Dixit</span> <span class='ocrx_word' id='word_1_20' title='bbox 319 710 414 767; x_wconf 86' lang='lat' dir='ltr'>adhuc</span> <span class='ocrx_word' id='word_1_21' title='bbox 427 709 532 783; x_wconf 91' lang='lat' dir='ltr'>aliquid</span> <span class='ocrx_word' id='word_1_22' title='bbox 541 708 624 767; x_wconf 86' lang='lat' dir='ltr'>l-N</span> <span class='ocrx_word' id='word_1_23' title='bbox 625 710 645 767; x_wconf 92' lang='lat' dir='ltr'>il</span> <span class='ocrx_word' id='word_1_24' title='bbox 660 706 864 771; x_wconf 74' lang='lat' dir='ltr'>sane-Quid</span> <span class='ocrx_word' id='word_1_25' title='bbox 877 710 972 787; x_wconf 88' lang='lat' dir='ltr'>placet</span> <span class='ocrx_word' id='word_1_26' title='bbox 984 712 1115 787; x_wconf 86' lang='lat' dir='ltr'>ergol—</span> 
     </span>
     <span class='ocr_line' id='line_1_5' title="bbox 227 788 840 848; baseline -0.002 0"><span class='ocrx_word' id='word_1_27' title='bbox 227 789 308 848; x_wconf 88' lang='lat' dir='ltr'>Lana</span> <span class='ocrx_word' id='word_1_28' title='bbox 321 788 481 847; x_wconf 88' lang='lat' dir='ltr'>Tarentino</span> <span class='ocrx_word' id='word_1_29' title='bbox 495 789 583 846; x_wconf 86' lang='lat' dir='ltr'>violas</span> <span class='ocrx_word' id='word_1_30' title='bbox 597 789 707 845; x_wconf 90' lang='lat' dir='ltr'>imitata</span> <span class='ocrx_word' id='word_1_31' title='bbox 720 808 840 847; x_wconf 86' lang='lat' dir='ltr'>veneno.</span> 
     </span>
    </p>

    <p class='ocr_par' dir='ltr' id='par_1_4' title="bbox 226 865 1177 1260">
     <span class='ocr_line' id='line_1_6' title="bbox 266 865 1032 944; baseline 0.001 -18"><span class='ocrx_word' id='word_1_32' title='bbox 266 869 313 926; x_wconf 88' lang='lat' dir='ltr'>Ac</span> <span class='ocrx_word' id='word_1_33' title='bbox 326 887 363 925; x_wconf 90' lang='lat' dir='ltr'>ne</span> <span class='ocrx_word' id='word_1_34' title='bbox 378 865 449 925; x_wconf 75' lang='lat' dir='ltr'>forte</span> <span class='ocrx_word' id='word_1_35' title='bbox 463 878 546 943; x_wconf 89' lang='lat' dir='ltr'>putes</span> <span class='ocrx_word' id='word_1_36' title='bbox 561 886 616 939; x_wconf 91' lang='lat' dir='ltr'>me,</span> <span class='ocrx_word' id='word_1_37' title='bbox 631 885 694 943; x_wconf 79' lang='lat' dir='ltr'>quae</span> <span class='ocrx_word' id='word_1_38' title='bbox 710 868 877 944; x_wconf 44' lang='lat' dir='ltr'>facerexipse</span> <span class='ocrx_word' id='word_1_39' title='bbox 891 886 1032 943; x_wconf 89' lang='lat' dir='ltr'>recusem,</span> 
     </span>
     <span class='ocr_line' id='line_1_7' title="bbox 226 944 919 1023; baseline -0.003 -16"><span class='ocrx_word' id='word_1_40' title='bbox 226 948 327 1009; x_wconf 79' lang='lat' dir='ltr'>Quum</span> <span class='ocrx_word' id='word_1_41' title='bbox 341 944 419 1004; x_wconf 72' lang='lat' dir='ltr'>recte</span> <span class='ocrx_word' id='word_1_42' title='bbox 433 957 557 1004; x_wconf 79' lang='lat' dir='ltr'>tractent</span> <span class='ocrx_word' id='word_1_43' title='bbox 571 947 628 1019; x_wconf 88' lang='lat' dir='ltr'>alii,</span> <span class='ocrx_word' id='word_1_44' title='bbox 643 947 760 1004; x_wconf 88' lang='lat' dir='ltr'>laudare</span> <span class='ocrx_word' id='word_1_45' title='bbox 775 944 919 1023; x_wconf 74' lang='lat' dir='ltr'>malignd;</span> 
     </span>
     <span class='ocr_line' id='line_1_8' title="bbox 227 1026 1177 1102; baseline 0.006 -19"><span class='ocrx_word' id='word_1_46' title='bbox 227 1026 280 1084; x_wconf 90' lang='lat' dir='ltr'>llle</span> <span class='ocrx_word' id='word_1_47' title='bbox 293 1045 343 1102; x_wconf 89' lang='lat' dir='ltr'>per</span> <span class='ocrx_word' id='word_1_48' title='bbox 356 1036 501 1083; x_wconf 83' lang='lat' dir='ltr'>extentum</span> <span class='ocrx_word' id='word_1_49' title='bbox 516 1026 614 1083; x_wconf 85' lang='lat' dir='ltr'>funem</span> <span class='ocrx_word' id='word_1_50' title='bbox 628 1026 699 1083; x_wconf 91' lang='lat' dir='ltr'>mihi</span> <span class='ocrx_word' id='word_1_51' title='bbox 711 1044 794 1101; x_wconf 87' lang='lat' dir='ltr'>posse</span> <span class='ocrx_word' id='word_1_52' title='bbox 812 1026 922 1085; x_wconf 82' lang='lat' dir='ltr'>videtur</span> <span class='ocrx_word' id='word_1_53' title='bbox 1117 1030 1177 1089; x_wconf 77' lang='lat'>21⁰</span> 
     </span>
     <span class='ocr_line' id='line_1_9' title="bbox 227 1105 902 1182; baseline 0.001 -20"><span class='ocrx_word' id='word_1_54' title='bbox 227 1105 274 1162; x_wconf 91' lang='lat' dir='ltr'>Ire</span> <span class='ocrx_word' id='word_1_55' title='bbox 283 1108 377 1181; x_wconf 75' lang='lat' dir='ltr'>poeta,</span> <span class='ocrx_word' id='word_1_56' title='bbox 392 1124 488 1161; x_wconf 89' lang='lat' dir='ltr'>meum</span> <span class='ocrx_word' id='word_1_57' title='bbox 501 1106 550 1179; x_wconf 92' lang='lat' dir='ltr'>qui</span> <span class='ocrx_word' id='word_1_58' title='bbox 563 1115 664 1181; x_wconf 90' lang='lat' dir='ltr'>pectus</span> <span class='ocrx_word' id='word_1_59' title='bbox 678 1105 800 1163; x_wconf 90' lang='lat' dir='ltr'>inaniter</span> <span class='ocrx_word' id='word_1_60' title='bbox 814 1106 902 1182; x_wconf 82' lang='lat' dir='ltr'>angit,</span> 
     </span>
     <span class='ocr_line' id='line_1_10' title="bbox 227 1183 840 1260; baseline 0.002 -19"><span class='ocrx_word' id='word_1_61' title='bbox 227 1184 331 1257; x_wconf 84' lang='lat' dir='ltr'>irritat,</span> <span class='ocrx_word' id='word_1_62' title='bbox 345 1184 461 1256; x_wconf 90' lang='lat' dir='ltr'>mulcet,</span> <span class='ocrx_word' id='word_1_63' title='bbox 477 1183 553 1241; x_wconf 85' lang='lat' dir='ltr'>falsis</span> <span class='ocrx_word' id='word_1_64' title='bbox 564 1184 720 1242; x_wconf 86' lang='lat' dir='ltr'>terroribus</span> <span class='ocrx_word' id='word_1_65' title='bbox 733 1185 840 1260; x_wconf 85' lang='lat' dir='ltr'>implet,</span> 
     </span>
    </p>

    <p class='ocr_par' dir='ltr' id='par_1_5' title="bbox 226 1260 1057 1340">
     <span class='ocr_line' id='line_1_11' title="bbox 226 1260 1057 1340; baseline 0.002 -19"><span class='ocrx_word' id='word_1_66' title='bbox 226 1263 265 1322; x_wconf 93' lang='lat' dir='ltr'>Ut</span> <span class='ocrx_word' id='word_1_67' title='bbox 278 1282 387 1339; x_wconf 89' lang='lat' dir='ltr'>magus,</span> <span class='ocrx_word' id='word_1_68' title='bbox 401 1274 430 1321; x_wconf 91' lang='lat' dir='ltr'>et</span> <span class='ocrx_word' id='word_1_69' title='bbox 443 1260 528 1321; x_wconf 79' lang='lat' dir='ltr'>modd</span> <span class='ocrx_word' id='word_1_70' title='bbox 543 1282 587 1320; x_wconf 89' lang='lat' dir='ltr'>me</span> <span class='ocrx_word' id='word_1_71' title='bbox 599 1263 720 1336; x_wconf 85' lang='lat' dir='ltr'>Thebis,</span> <span class='ocrx_word' id='word_1_72' title='bbox 733 1262 818 1322; x_wconf 82' lang='lat' dir='ltr'>modd</span> <span class='ocrx_word' id='word_1_73' title='bbox 832 1265 912 1340; x_wconf 91' lang='lat' dir='ltr'>ponit</span> <span class='ocrx_word' id='word_1_74' title='bbox 925 1264 1057 1325; x_wconf 87' lang='lat' dir='ltr'>Athenis.</span> 
     </span>
    </p>

    <p class='ocr_par' dir='ltr' id='par_1_6' title="bbox 225 1342 1037 1498">
     <span class='ocr_line' id='line_1_12' title="bbox 266 1342 1037 1418; baseline 0.001 -17"><span class='ocrx_word' id='word_1_75' title='bbox 266 1342 376 1401; x_wconf 81' lang='lat' dir='ltr'>Verdm</span> <span class='ocrx_word' id='word_1_76' title='bbox 390 1362 452 1418; x_wconf 87' lang='lat' dir='ltr'>age,</span> <span class='ocrx_word' id='word_1_77' title='bbox 467 1353 496 1399; x_wconf 93' lang='lat' dir='ltr'>et</span> <span class='ocrx_word' id='word_1_78' title='bbox 509 1343 554 1399; x_wconf 93' lang='lat' dir='ltr'>his</span> <span class='ocrx_word' id='word_1_79' title='bbox 567 1343 614 1417; x_wconf 92' lang='lat' dir='ltr'>qui</span> <span class='ocrx_word' id='word_1_80' title='bbox 629 1362 660 1399; x_wconf 91' lang='lat' dir='ltr'>se</span> <span class='ocrx_word' id='word_1_81' title='bbox 675 1343 773 1400; x_wconf 90' lang='lat' dir='ltr'>lectori</span> <span class='ocrx_word' id='word_1_82' title='bbox 787 1345 904 1401; x_wconf 90' lang='lat' dir='ltr'>credere</span> <span class='ocrx_word' id='word_1_83' title='bbox 918 1345 1037 1418; x_wconf 85' lang='lat' dir='ltr'>malunt,</span> 
     </span>
     <span class='ocr_line' id='line_1_13' title="bbox 225 1420 853 1498; baseline -0.008 -14"><span class='ocrx_word' id='word_1_84' title='bbox 225 1420 325 1484; x_wconf 70' lang='lat' dir='ltr'>Quem</span> <span class='ocrx_word' id='word_1_85' title='bbox 339 1422 505 1496; x_wconf 81' lang='lat' dir='ltr'>spectatoris</span> <span class='ocrx_word' id='word_1_86' title='bbox 518 1421 630 1479; x_wconf 82' lang='lat' dir='ltr'>fastidia</span> <span class='ocrx_word' id='word_1_87' title='bbox 643 1422 716 1479; x_wconf 87' lang='lat' dir='ltr'>ferre</span> <span class='ocrx_word' id='word_1_88' title='bbox 729 1422 853 1498; x_wconf 87' lang='lat' dir='ltr'>superbi,</span> 
     </span>
    </p>

    <p class='ocr_par' dir='ltr' id='par_1_7' title="bbox 225 1500 1084 1734">
     <span class='ocr_line' id='line_1_14' title="bbox 227 1500 1011 1578; baseline 0.001 -19"><span class='ocrx_word' id='word_1_89' title='bbox 227 1502 335 1559; x_wconf 87' lang='lat' dir='ltr'>Curam</span> <span class='ocrx_word' id='word_1_90' title='bbox 347 1501 435 1557; x_wconf 85' lang='lat' dir='ltr'>redde</span> <span class='ocrx_word' id='word_1_91' title='bbox 449 1501 573 1572; x_wconf 82' lang='lat' dir='ltr'>brevem,</span> <span class='ocrx_word' id='word_1_92' title='bbox 588 1500 611 1557; x_wconf 92' lang='lat' dir='ltr'>si</span> <span class='ocrx_word' id='word_1_93' title='bbox 625 1519 731 1557; x_wconf 90' lang='lat' dir='ltr'>munus</span> <span class='ocrx_word' id='word_1_94' title='bbox 744 1500 878 1576; x_wconf 83' lang='lat' dir='ltr'>Apolline</span> <span class='ocrx_word' id='word_1_95' title='bbox 893 1502 1011 1578; x_wconf 84' lang='lat' dir='ltr'>dignum</span> 
     </span>
     <span class='ocr_line' id='line_1_15' title="bbox 225 1579 1084 1654; baseline 0 -16"><span class='ocrx_word' id='word_1_96' title='bbox 225 1580 280 1638; x_wconf 92' lang='lat' dir='ltr'>Vis</span> <span class='ocrx_word' id='word_1_97' title='bbox 294 1579 437 1654; x_wconf 91' lang='lat' dir='ltr'>complere</span> <span class='ocrx_word' id='word_1_98' title='bbox 450 1579 538 1651; x_wconf 89' lang='lat' dir='ltr'>libris,</span> <span class='ocrx_word' id='word_1_99' title='bbox 550 1590 579 1636; x_wconf 93' lang='lat' dir='ltr'>et</span> <span class='ocrx_word' id='word_1_100' title='bbox 592 1580 704 1636; x_wconf 87' lang='lat' dir='ltr'>vatibus</span> <span class='ocrx_word' id='word_1_101' title='bbox 718 1580 822 1636; x_wconf 84' lang='lat' dir='ltr'>addere</span> <span class='ocrx_word' id='word_1_102' title='bbox 833 1580 939 1653; x_wconf 82' lang='lat' dir='ltr'>calcar,</span> <span class='ocrx_word' id='word_1_103' title='bbox 1080 1584 1084 1591; x_wconf 88' lang='lat'>&#39;</span> 
     </span>
     <span class='ocr_line' id='line_1_16' title="bbox 225 1656 920 1734; baseline -0.003 -15"><span class='ocrx_word' id='word_1_104' title='bbox 225 1656 264 1719; x_wconf 93' lang='lat' dir='ltr'>Ut</span> <span class='ocrx_word' id='word_1_105' title='bbox 278 1658 373 1718; x_wconf 90' lang='lat' dir='ltr'>studio</span> <span class='ocrx_word' id='word_1_106' title='bbox 386 1658 492 1733; x_wconf 88' lang='lat' dir='ltr'>majore</span> <span class='ocrx_word' id='word_1_107' title='bbox 505 1669 603 1734; x_wconf 88' lang='lat' dir='ltr'>petant</span> <span class='ocrx_word' id='word_1_108' title='bbox 617 1657 762 1716; x_wconf 87' lang='lat' dir='ltr'>Helicona</span> <span class='ocrx_word' id='word_1_109' title='bbox 773 1658 920 1717; x_wconf 84' lang='lat' dir='ltr'>virentem.</span> 
     </span>
    </p>

    <p class='ocr_par' dir='ltr' id='par_1_8' title="bbox 224 1735 1025 2290">
     <span class='ocr_line' id='line_1_17' title="bbox 265 1735 999 1815; baseline 0.001 -19"><span class='ocrx_word' id='word_1_110' title='bbox 265 1737 358 1796; x_wconf 87' lang='lat' dir='ltr'>Multa</span> <span class='ocrx_word' id='word_1_111' title='bbox 371 1737 487 1813; x_wconf 89' lang='lat' dir='ltr'>quidem</span> <span class='ocrx_word' id='word_1_112' title='bbox 501 1738 583 1795; x_wconf 90' lang='lat' dir='ltr'>nobis</span> <span class='ocrx_word' id='word_1_113' title='bbox 597 1737 718 1795; x_wconf 83' lang='lat' dir='ltr'>iacimus</span> <span class='ocrx_word' id='word_1_114' title='bbox 731 1737 806 1796; x_wconf 89' lang='lat' dir='ltr'>mala</span> <span class='ocrx_word' id='word_1_115' title='bbox 816 1735 892 1814; x_wconf 76' lang='lat' dir='ltr'>saepd</span> <span class='ocrx_word' id='word_1_116' title='bbox 905 1742 999 1815; x_wconf 74' lang='lat' dir='ltr'>poetae</span> 
     </span>
     <span class='ocr_line' id='line_1_18' title="bbox 228 1816 1025 1897; baseline 0 -21"><span class='ocrx_word' id='word_1_117' title='bbox 228 1817 280 1897; x_wconf 90' lang='lat' dir='ltr'>(Ut</span> <span class='ocrx_word' id='word_1_118' title='bbox 292 1818 388 1875; x_wconf 85' lang='lat' dir='ltr'>vineta</span> <span class='ocrx_word' id='word_1_119' title='bbox 401 1828 515 1893; x_wconf 86' lang='lat' dir='ltr'>egomet</span> <span class='ocrx_word' id='word_1_120' title='bbox 528 1816 637 1873; x_wconf 80' lang='lat' dir='ltr'>caedam</span> <span class='ocrx_word' id='word_1_121' title='bbox 651 1816 740 1896; x_wconf 89' lang='lat' dir='ltr'>mea),</span> <span class='ocrx_word' id='word_1_122' title='bbox 754 1834 841 1892; x_wconf 91' lang='lat' dir='ltr'>quum</span> <span class='ocrx_word' id='word_1_123' title='bbox 855 1817 907 1875; x_wconf 86' lang='lat' dir='ltr'>tibi</span> <span class='ocrx_word' id='word_1_124' title='bbox 920 1818 1025 1877; x_wconf 87' lang='lat' dir='ltr'>librum</span> 
     </span>
     <span class='ocr_line' id='line_1_19' title="bbox 227 1896 998 1972; baseline 0 -16"><span class='ocrx_word' id='word_1_125' title='bbox 227 1897 354 1956; x_wconf 87' lang='lat' dir='ltr'>Sollicito</span> <span class='ocrx_word' id='word_1_126' title='bbox 364 1896 474 1969; x_wconf 86' lang='lat' dir='ltr'>damus,</span> <span class='ocrx_word' id='word_1_127' title='bbox 490 1905 538 1953; x_wconf 91' lang='lat' dir='ltr'>aut</span> <span class='ocrx_word' id='word_1_128' title='bbox 552 1896 642 1966; x_wconf 84' lang='lat' dir='ltr'>sess03</span> <span class='ocrx_word' id='word_1_129' title='bbox 664 1914 751 1972; x_wconf 91' lang='lat' dir='ltr'>quum</span> <span class='ocrx_word' id='word_1_130' title='bbox 765 1896 894 1955; x_wconf 77' lang='lat' dir='ltr'>laedimur</span> <span class='ocrx_word' id='word_1_131' title='bbox 907 1916 998 1956; x_wconf 89' lang='lat' dir='ltr'>unum</span> 
     </span>
     <span class='ocr_line' id='line_1_20' title="bbox 226 1973 988 2052; baseline 0.003 -18"><span class='ocrx_word' id='word_1_132' title='bbox 226 1978 258 2035; x_wconf 88' lang='lat' dir='ltr'>Si</span> <span class='ocrx_word' id='word_1_133' title='bbox 272 1976 335 2052; x_wconf 91' lang='lat' dir='ltr'>quis</span> <span class='ocrx_word' id='word_1_134' title='bbox 348 1976 504 2033; x_wconf 87' lang='lat' dir='ltr'>amicorum</span> <span class='ocrx_word' id='word_1_135' title='bbox 518 1985 561 2033; x_wconf 90' lang='lat' dir='ltr'>est</span> <span class='ocrx_word' id='word_1_136' title='bbox 575 1994 661 2033; x_wconf 87' lang='lat' dir='ltr'>ausus</span> <span class='ocrx_word' id='word_1_137' title='bbox 674 1973 846 2052; x_wconf 68' lang='lat' dir='ltr'>reprendere</span> <span class='ocrx_word' id='word_1_138' title='bbox 859 1994 988 2050; x_wconf 82' lang='lat' dir='ltr'>versum3</span> 
     </span>
     <span class='ocr_line' id='line_1_21' title="bbox 224 2054 962 2130; baseline 0.007 -18"><span class='ocrx_word' id='word_1_139' title='bbox 224 2055 325 2118; x_wconf 79' lang='lat' dir='ltr'>Quum</span> <span class='ocrx_word' id='word_1_140' title='bbox 339 2055 402 2113; x_wconf 90' lang='lat' dir='ltr'>loca</span> <span class='ocrx_word' id='word_1_141' title='bbox 413 2054 471 2130; x_wconf 89' lang='lat' dir='ltr'>jam</span> <span class='ocrx_word' id='word_1_142' title='bbox 485 2055 604 2112; x_wconf 80' lang='lat' dir='ltr'>recitate</span> <span class='ocrx_word' id='word_1_143' title='bbox 616 2054 785 2113; x_wconf 82' lang='lat' dir='ltr'>revolvimus</span> <span class='ocrx_word' id='word_1_144' title='bbox 798 2055 962 2129; x_wconf 82' lang='lat' dir='ltr'>irrevocati3</span> 
     </span>
     <span class='ocr_line' id='line_1_22' title="bbox 224 2134 869 2211; baseline 0.003 -20"><span class='ocrx_word' id='word_1_145' title='bbox 224 2136 326 2197; x_wconf 80' lang='lat' dir='ltr'>Quum</span> <span class='ocrx_word' id='word_1_146' title='bbox 336 2134 523 2191; x_wconf 87' lang='lat' dir='ltr'>lamentamur</span> <span class='ocrx_word' id='word_1_147' title='bbox 536 2154 594 2192; x_wconf 92' lang='lat' dir='ltr'>non</span> <span class='ocrx_word' id='word_1_148' title='bbox 609 2152 745 2211; x_wconf 79' lang='lat' dir='ltr'>apparere</span> <span class='ocrx_word' id='word_1_149' title='bbox 758 2134 869 2193; x_wconf 89' lang='lat' dir='ltr'>labores</span> 
     </span>
     <span class='ocr_line' id='line_1_23' title="bbox 225 2213 839 2290; baseline 0 -18"><span class='ocrx_word' id='word_1_150' title='bbox 225 2214 345 2272; x_wconf 85' lang='lat' dir='ltr'>Nostros</span> <span class='ocrx_word' id='word_1_151' title='bbox 357 2224 386 2272; x_wconf 89' lang='lat' dir='ltr'>et</span> <span class='ocrx_word' id='word_1_152' title='bbox 399 2213 479 2270; x_wconf 91' lang='lat' dir='ltr'>tenui</span> <span class='ocrx_word' id='word_1_153' title='bbox 492 2214 616 2271; x_wconf 83' lang='lat' dir='ltr'>deducta</span> <span class='ocrx_word' id='word_1_154' title='bbox 628 2217 763 2290; x_wconf 74' lang='lat' dir='ltr'>poemata</span> <span class='ocrx_word' id='word_1_155' title='bbox 776 2213 839 2284; x_wconf 90' lang='lat' dir='ltr'>lilo;</span> 
     </span>
    </p>

    <p class='ocr_par' dir='ltr' id='par_1_9' title="bbox 224 2290 1030 2685">
     <span class='ocr_line' id='line_1_24' title="bbox 224 2290 1030 2369; baseline 0.001 -18"><span class='ocrx_word' id='word_1_156' title='bbox 224 2294 325 2356; x_wconf 80' lang='lat' dir='ltr'>Quum</span> <span class='ocrx_word' id='word_1_157' title='bbox 339 2310 485 2369; x_wconf 88' lang='lat' dir='ltr'>speramus</span> <span class='ocrx_word' id='word_1_158' title='bbox 498 2290 606 2350; x_wconf 81' lang='lat' dir='ltr'>adrem</span> <span class='ocrx_word' id='word_1_159' title='bbox 620 2303 779 2364; x_wconf 87' lang='lat' dir='ltr'>venturam,</span> <span class='ocrx_word' id='word_1_160' title='bbox 793 2292 1030 2369; x_wconf 61' lang='lat' dir='ltr'>assimulamus</span> 
     </span>
     <span class='ocr_line' id='line_1_25' title="bbox 224 2371 969 2447; baseline 0.001 -17"><span class='ocrx_word' id='word_1_161' title='bbox 224 2372 360 2432; x_wconf 88' lang='lat' dir='ltr'>Carmina</span> <span class='ocrx_word' id='word_1_162' title='bbox 373 2371 505 2430; x_wconf 90' lang='lat' dir='ltr'>rescieris</span> <span class='ocrx_word' id='word_1_163' title='bbox 518 2390 571 2429; x_wconf 91' lang='lat' dir='ltr'>nos</span> <span class='ocrx_word' id='word_1_164' title='bbox 582 2371 700 2447; x_wconf 87' lang='lat' dir='ltr'>lingere,</span> <span class='ocrx_word' id='word_1_165' title='bbox 715 2373 882 2429; x_wconf 90' lang='lat' dir='ltr'>commodus</span> <span class='ocrx_word' id='word_1_166' title='bbox 895 2373 969 2430; x_wconf 90' lang='lat' dir='ltr'>ultro</span> 
     </span>
     <span class='ocr_line' id='line_1_26' title="bbox 224 2449 904 2527; baseline -0.004 -17"><span class='ocrx_word' id='word_1_167' title='bbox 224 2454 373 2524; x_wconf 89' lang='lat' dir='ltr'>Arcessas,</span> <span class='ocrx_word' id='word_1_168' title='bbox 389 2461 418 2508; x_wconf 89' lang='lat' dir='ltr'>et</span> <span class='ocrx_word' id='word_1_169' title='bbox 428 2468 512 2527; x_wconf 89' lang='lat' dir='ltr'>egere</span> <span class='ocrx_word' id='word_1_170' title='bbox 527 2461 615 2521; x_wconf 87' lang='lat' dir='ltr'>vetes,</span> <span class='ocrx_word' id='word_1_171' title='bbox 628 2460 659 2507; x_wconf 89' lang='lat' dir='ltr'>et</span> <span class='ocrx_word' id='word_1_172' title='bbox 672 2449 797 2506; x_wconf 89' lang='lat' dir='ltr'>scribere</span> <span class='ocrx_word' id='word_1_173' title='bbox 809 2469 904 2527; x_wconf 86' lang='lat' dir='ltr'>cogas.</span> 
     </span>
     <span class='ocr_line' id='line_1_27' title="bbox 225 2529 986 2607; baseline -0.004 -17"><span class='ocrx_word' id='word_1_174' title='bbox 225 2532 283 2590; x_wconf 86' lang='lat' dir='ltr'>Sed</span> <span class='ocrx_word' id='word_1_175' title='bbox 297 2542 393 2591; x_wconf 86' lang='lat' dir='ltr'>tamen</span> <span class='ocrx_word' id='word_1_176' title='bbox 406 2540 450 2587; x_wconf 88' lang='lat' dir='ltr'>est</span> <span class='ocrx_word' id='word_1_177' title='bbox 462 2547 555 2605; x_wconf 84' lang='lat' dir='ltr'>operae</span> <span class='ocrx_word' id='word_1_178' title='bbox 568 2529 692 2605; x_wconf 91' lang='lat' dir='ltr'>pretium</span> <span class='ocrx_word' id='word_1_179' title='bbox 702 2547 875 2605; x_wconf 84' lang='lat' dir='ltr'>cognoscere</span> <span class='ocrx_word' id='word_1_180' title='bbox 888 2530 986 2607; x_wconf 81' lang='lat' dir='ltr'>quales</span> 
     </span>
     <span class='ocr_line' id='line_1_28' title="bbox 224 2608 842 2685; baseline -0.005 -16"><span class='ocrx_word' id='word_1_181' title='bbox 224 2611 359 2669; x_wconf 83' lang='lat' dir='ltr'>AEdituos</span> <span class='ocrx_word' id='word_1_182' title='bbox 372 2610 474 2667; x_wconf 84' lang='lat' dir='ltr'>habeat</span> <span class='ocrx_word' id='word_1_183' title='bbox 488 2608 554 2666; x_wconf 90' lang='lat' dir='ltr'>belli</span> <span class='ocrx_word' id='word_1_184' title='bbox 569 2618 696 2685; x_wconf 88' lang='lat' dir='ltr'>spectata</span> <span class='ocrx_word' id='word_1_185' title='bbox 709 2608 842 2683; x_wconf 88' lang='lat' dir='ltr'>domique</span> 
     </span>
    </p>

    <p class='ocr_par' dir='ltr' id='par_1_10' title="bbox 221 2688 962 3478">
     <span class='ocr_line' id='line_1_29' title="bbox 224 2688 869 2765; baseline -0.005 -17"><span class='ocrx_word' id='word_1_186' title='bbox 224 2690 332 2763; x_wconf 86' lang='lat' dir='ltr'>Virtus,</span> <span class='ocrx_word' id='word_1_187' title='bbox 347 2690 466 2765; x_wconf 89' lang='lat' dir='ltr'>indigno</span> <span class='ocrx_word' id='word_1_188' title='bbox 479 2707 538 2745; x_wconf 89' lang='lat' dir='ltr'>non</span> <span class='ocrx_word' id='word_1_189' title='bbox 552 2688 756 2746; x_wconf 88' lang='lat' dir='ltr'>committenda</span> <span class='ocrx_word' id='word_1_190' title='bbox 768 2692 869 2763; x_wconf 82' lang='lat' dir='ltr'>po&#39;e&#39;tae.</span> 
     </span>
     <span class='ocr_line' id='line_1_30' title="bbox 223 2764 832 2843; baseline -0.005 -16"><span class='ocrx_word' id='word_1_191' title='bbox 223 2769 329 2827; x_wconf 89' lang='lat' dir='ltr'>Gratus</span> <span class='ocrx_word' id='word_1_192' title='bbox 343 2768 508 2825; x_wconf 83' lang='lat' dir='ltr'>Alexandro</span> <span class='ocrx_word' id='word_1_193' title='bbox 522 2767 582 2843; x_wconf 87' lang='lat' dir='ltr'>regi</span> <span class='ocrx_word' id='word_1_194' title='bbox 596 2764 706 2843; x_wconf 89' lang='lat' dir='ltr'>Magno</span> <span class='ocrx_word' id='word_1_195' title='bbox 720 2767 773 2825; x_wconf 89' lang='lat' dir='ltr'>fuit</span> <span class='ocrx_word' id='word_1_196' title='bbox 786 2767 832 2825; x_wconf 94' lang='lat' dir='ltr'>ille</span> 
     </span>
     <span class='ocr_line' id='line_1_31' title="bbox 224 2844 930 2922; baseline -0.001 -16"><span class='ocrx_word' id='word_1_197' title='bbox 224 2848 377 2920; x_wconf 85' lang='lat' dir='ltr'>Choerilus,</span> <span class='ocrx_word' id='word_1_198' title='bbox 392 2847 507 2905; x_wconf 87' lang='lat' dir='ltr'>incultis</span> <span class='ocrx_word' id='word_1_199' title='bbox 520 2847 568 2922; x_wconf 91' lang='lat' dir='ltr'>qui</span> <span class='ocrx_word' id='word_1_200' title='bbox 582 2847 710 2905; x_wconf 87' lang='lat' dir='ltr'>versibus</span> <span class='ocrx_word' id='word_1_201' title='bbox 723 2858 753 2904; x_wconf 94' lang='lat' dir='ltr'>et</span> <span class='ocrx_word' id='word_1_202' title='bbox 766 2844 840 2905; x_wconf 75' lang='lat' dir='ltr'>male</span> <span class='ocrx_word' id='word_1_203' title='bbox 854 2847 930 2905; x_wconf 83' lang='lat' dir='ltr'>natis</span> 
     </span>
     <span class='ocr_line' id='line_1_32' title="bbox 223 2926 946 3003; baseline -0.003 -17"><span class='ocrx_word' id='word_1_204' title='bbox 223 2927 348 2986; x_wconf 88' lang='lat' dir='ltr'>Rettulit</span> <span class='ocrx_word' id='word_1_205' title='bbox 361 2936 501 3002; x_wconf 86' lang='lat' dir='ltr'>acceptos,</span> <span class='ocrx_word' id='word_1_206' title='bbox 516 2926 612 3002; x_wconf 84' lang='lat' dir='ltr'>regale</span> <span class='ocrx_word' id='word_1_207' title='bbox 626 2927 778 2999; x_wconf 89' lang='lat' dir='ltr'>numisma,</span> <span class='ocrx_word' id='word_1_208' title='bbox 793 2926 946 3003; x_wconf 91' lang='lat' dir='ltr'>Philippos.</span> 
     </span>
     <span class='ocr_line' id='line_1_33' title="bbox 223 3006 962 3081; baseline -0.001 -17"><span class='ocrx_word' id='word_1_209' title='bbox 223 3008 292 3079; x_wconf 87' lang='lat' dir='ltr'>Sed,</span> <span class='ocrx_word' id='word_1_210' title='bbox 307 3006 392 3065; x_wconf 85' lang='lat' dir='ltr'>veluti</span> <span class='ocrx_word' id='word_1_211' title='bbox 406 3016 526 3065; x_wconf 86' lang='lat' dir='ltr'>tractata</span> <span class='ocrx_word' id='word_1_212' title='bbox 537 3017 635 3063; x_wconf 85' lang='lat' dir='ltr'>notam</span> <span class='ocrx_word' id='word_1_213' title='bbox 649 3006 799 3081; x_wconf 86' lang='lat' dir='ltr'>labemque</span> <span class='ocrx_word' id='word_1_214' title='bbox 813 3008 962 3064; x_wconf 89' lang='lat' dir='ltr'>remittunt</span> 
     </span>
     <span class='ocr_line' id='line_1_34' title="bbox 223 3081 869 3160; baseline -0.003 -17"><span class='ocrx_word' id='word_1_215' title='bbox 223 3087 402 3157; x_wconf 86' lang='lat' dir='ltr'>Atramenta,</span> <span class='ocrx_word' id='word_1_216' title='bbox 417 3081 476 3141; x_wconf 74' lang='lat' dir='ltr'>fere</span> <span class='ocrx_word' id='word_1_217' title='bbox 491 3085 642 3160; x_wconf 87' lang='lat' dir='ltr'>scriptores</span> <span class='ocrx_word' id='word_1_218' title='bbox 655 3085 783 3143; x_wconf 89' lang='lat' dir='ltr'>carmine</span> <span class='ocrx_word' id='word_1_219' title='bbox 794 3085 869 3142; x_wconf 83' lang='lat' dir='ltr'>loedo</span> 
     </span>
     <span class='ocr_line' id='line_1_35' title="bbox 224 3162 961 3241; baseline -0.005 -18"><span class='ocrx_word' id='word_1_220' title='bbox 224 3164 380 3241; x_wconf 85' lang='lat' dir='ltr'>Splendida</span> <span class='ocrx_word' id='word_1_221' title='bbox 394 3165 468 3222; x_wconf 82' lang='lat' dir='ltr'>lacta</span> <span class='ocrx_word' id='word_1_222' title='bbox 481 3164 583 3222; x_wconf 90' lang='lat' dir='ltr'>linunt.</span> <span class='ocrx_word' id='word_1_223' title='bbox 625 3162 708 3220; x_wconf 88' lang='lat' dir='ltr'>Idem</span> <span class='ocrx_word' id='word_1_224' title='bbox 720 3182 772 3219; x_wconf 84' lang='lat' dir='ltr'>rex</span> <span class='ocrx_word' id='word_1_225' title='bbox 785 3163 842 3235; x_wconf 89' lang='lat' dir='ltr'>ille,</span> <span class='ocrx_word' id='word_1_226' title='bbox 857 3166 961 3239; x_wconf 74' lang='lat' dir='ltr'>poema</span> 
     </span>
     <span class='ocr_line' id='line_1_36' title="bbox 221 3239 917 3316; baseline -0.013 -10"><span class='ocrx_word' id='word_1_227' title='bbox 221 3243 283 3306; x_wconf 78' lang='lat' dir='ltr'>Qui</span> <span class='ocrx_word' id='word_1_228' title='bbox 297 3253 356 3302; x_wconf 89' lang='lat' dir='ltr'>tam</span> <span class='ocrx_word' id='word_1_229' title='bbox 369 3243 521 3300; x_wconf 88' lang='lat' dir='ltr'>ridiculum</span> <span class='ocrx_word' id='word_1_230' title='bbox 535 3254 594 3300; x_wconf 88' lang='lat' dir='ltr'>tam</span> <span class='ocrx_word' id='word_1_231' title='bbox 607 3239 675 3298; x_wconf 75' lang='lat' dir='ltr'>card</span> <span class='ocrx_word' id='word_1_232' title='bbox 689 3242 825 3316; x_wconf 90' lang='lat' dir='ltr'>prodigus</span> <span class='ocrx_word' id='word_1_233' title='bbox 838 3242 917 3313; x_wconf 88' lang='lat' dir='ltr'>emit,</span> 
     </span>
     <span class='ocr_line' id='line_1_37' title="bbox 222 3318 871 3396; baseline -0.006 -17"><span class='ocrx_word' id='word_1_234' title='bbox 222 3322 326 3381; x_wconf 87' lang='lat' dir='ltr'>Edicto</span> <span class='ocrx_word' id='word_1_235' title='bbox 340 3322 428 3380; x_wconf 89' lang='lat' dir='ltr'>vetuit</span> <span class='ocrx_word' id='word_1_236' title='bbox 441 3341 478 3379; x_wconf 89' lang='lat' dir='ltr'>ne</span> <span class='ocrx_word' id='word_1_237' title='bbox 489 3322 553 3396; x_wconf 90' lang='lat' dir='ltr'>quis</span> <span class='ocrx_word' id='word_1_238' title='bbox 566 3340 607 3393; x_wconf 91' lang='lat' dir='ltr'>se,</span> <span class='ocrx_word' id='word_1_239' title='bbox 621 3330 724 3396; x_wconf 73' lang='lat' dir='ltr'>praeter</span> <span class='ocrx_word' id='word_1_240' title='bbox 738 3318 871 3395; x_wconf 87' lang='lat' dir='ltr'>Apellen,</span> 
     </span>
     <span class='ocr_line' id='line_1_38' title="bbox 222 3399 856 3478; baseline -0.008 -18"><span class='ocrx_word' id='word_1_241' title='bbox 222 3400 366 3478; x_wconf 89' lang='lat' dir='ltr'>Pingeret,</span> <span class='ocrx_word' id='word_1_242' title='bbox 381 3412 430 3459; x_wconf 88' lang='lat' dir='ltr'>aut</span> <span class='ocrx_word' id='word_1_243' title='bbox 443 3400 516 3458; x_wconf 90' lang='lat' dir='ltr'>alius</span> <span class='ocrx_word' id='word_1_244' title='bbox 530 3400 654 3476; x_wconf 89' lang='lat' dir='ltr'>Lysippo</span> <span class='ocrx_word' id='word_1_245' title='bbox 668 3399 786 3456; x_wconf 91' lang='lat' dir='ltr'>duceret</span> <span class='ocrx_word' id='word_1_246' title='bbox 799 3417 856 3456; x_wconf 78' lang='lat' dir='ltr'>era</span> 
     </span>
    </p>

    <p class='ocr_par' dir='ltr' id='par_1_11' title="bbox 221 3475 964 3619">
     <span class='ocr_line' id='line_1_39' title="bbox 221 3475 964 3541; baseline 0.001 -4"><span class='ocrx_word' id='word_1_247' title='bbox 221 3481 315 3540; x_wconf 84' lang='lat' dir='ltr'>Fortis</span> <span class='ocrx_word' id='word_1_248' title='bbox 329 3479 488 3538; x_wconf 84' lang='lat' dir='ltr'>Alexandri</span> <span class='ocrx_word' id='word_1_249' title='bbox 502 3479 609 3536; x_wconf 87' lang='lat' dir='ltr'>vultum</span> <span class='ocrx_word' id='word_1_250' title='bbox 623 3478 794 3537; x_wconf 86' lang='lat' dir='ltr'>simulantia.</span> <span class='ocrx_word' id='word_1_251' title='bbox 834 3475 925 3541; x_wconf 75' lang='lat' dir='ltr'>Quod</span> <span class='ocrx_word' id='word_1_252' title='bbox 939 3479 964 3538; x_wconf 89' lang='lat' dir='ltr'>si</span> 
     </span>
     <span class='ocr_line' id='line_1_40' title="bbox 221 3558 837 3619; baseline -0.002 -2"><span class='ocrx_word' id='word_1_253' title='bbox 221 3559 369 3618; x_wconf 87' lang='lat' dir='ltr'>Judioium</span> <span class='ocrx_word' id='word_1_254' title='bbox 383 3558 486 3617; x_wconf 84' lang='lat' dir='ltr'>subtile</span> <span class='ocrx_word' id='word_1_255' title='bbox 499 3558 630 3619; x_wconf 73' lang='lat' dir='ltr'>,videndis</span> <span class='ocrx_word' id='word_1_256' title='bbox 644 3558 752 3616; x_wconf 87' lang='lat' dir='ltr'>artibus</span> <span class='ocrx_word' id='word_1_257' title='bbox 766 3558 837 3616; x_wconf 93' lang='lat' dir='ltr'>illud</span> 
     </span>
    </p>

    <p class='ocr_par' dir='ltr' id='par_1_12' title="bbox 222 3636 925 3793">
     <span class='ocr_line' id='line_1_41' title="bbox 222 3636 925 3712; baseline 0 -15"><span class='ocrx_word' id='word_1_258' title='bbox 222 3640 270 3697; x_wconf 86' lang='lat' dir='ltr'>Ad</span> <span class='ocrx_word' id='word_1_259' title='bbox 281 3640 367 3697; x_wconf 78' lang='lat' dir='ltr'>libros</span> <span class='ocrx_word' id='word_1_260' title='bbox 380 3649 411 3696; x_wconf 90' lang='lat' dir='ltr'>et</span> <span class='ocrx_word' id='word_1_261' title='bbox 424 3638 460 3695; x_wconf 87' lang='lat' dir='ltr'>ad</span> <span class='ocrx_word' id='word_1_262' title='bbox 475 3637 537 3695; x_wconf 80' lang='lat' dir='ltr'>hac</span> <span class='ocrx_word' id='word_1_263' title='bbox 548 3636 697 3695; x_wconf 91' lang='lat' dir='ltr'>Musarum</span> <span class='ocrx_word' id='word_1_264' title='bbox 711 3639 787 3696; x_wconf 89' lang='lat' dir='ltr'>dona</span> <span class='ocrx_word' id='word_1_265' title='bbox 799 3656 925 3712; x_wconf 88' lang='lat' dir='ltr'>vocares,</span> 
     </span>
     <span class='ocr_line' id='line_1_42' title="bbox 222 3717 821 3793; baseline -0.003 -16"><span class='ocrx_word' id='word_1_266' title='bbox 222 3718 354 3777; x_wconf 80' lang='lat' dir='ltr'>Boeotirm</span> <span class='ocrx_word' id='word_1_267' title='bbox 364 3718 395 3776; x_wconf 90' lang='lat' dir='ltr'>in</span> <span class='ocrx_word' id='word_1_268' title='bbox 409 3736 505 3775; x_wconf 83' lang='lat' dir='ltr'>crasso</span> <span class='ocrx_word' id='word_1_269' title='bbox 515 3717 624 3793; x_wconf 88' lang='lat' dir='ltr'>jurares</span> <span class='ocrx_word' id='word_1_270' title='bbox 635 3721 703 3775; x_wconf 73' lang='lat' dir='ltr'>aere</span> <span class='ocrx_word' id='word_1_271' title='bbox 713 3728 821 3776; x_wconf 88' lang='lat' dir='ltr'>natum.</span> 
     </span>
    </p>

    <p class='ocr_par' dir='ltr' id='par_1_13' title="bbox 222 3796 963 4033">
     <span class='ocr_line' id='line_1_43' title="bbox 222 3796 929 3873; baseline 0 -18"><span class='ocrx_word' id='word_1_272' title='bbox 222 3798 263 3855; x_wconf 90' lang='lat' dir='ltr'>At</span> <span class='ocrx_word' id='word_1_273' title='bbox 274 3816 367 3873; x_wconf 86' lang='lat' dir='ltr'>neque</span> <span class='ocrx_word' id='word_1_274' title='bbox 380 3796 555 3855; x_wconf 88' lang='lat' dir='ltr'>dedecorant</span> <span class='ocrx_word' id='word_1_275' title='bbox 567 3807 617 3854; x_wconf 92' lang='lat' dir='ltr'>tua</span> <span class='ocrx_word' id='word_1_276' title='bbox 630 3797 666 3854; x_wconf 90' lang='lat' dir='ltr'>de</span> <span class='ocrx_word' id='word_1_277' title='bbox 680 3816 712 3855; x_wconf 87' lang='lat' dir='ltr'>se</span> <span class='ocrx_word' id='word_1_278' title='bbox 722 3796 832 3873; x_wconf 87' lang='lat' dir='ltr'>judicia</span> <span class='ocrx_word' id='word_1_279' title='bbox 845 3807 929 3873; x_wconf 87' lang='lat' dir='ltr'>atque</span> 
     </span>
     <span class='ocr_line' id='line_1_44' title="bbox 223 3871 963 3952; baseline 0.004 -19"><span class='ocrx_word' id='word_1_280' title='bbox 223 3871 356 3950; x_wconf 89' lang='lat' dir='ltr'>Munera,</span> <span class='ocrx_word' id='word_1_281' title='bbox 370 3894 434 3952; x_wconf 77' lang='lat' dir='ltr'>qum</span> <span class='ocrx_word' id='word_1_282' title='bbox 447 3874 538 3933; x_wconf 67' lang='lat' dir='ltr'>multi</span> <span class='ocrx_word' id='word_1_283' title='bbox 552 3875 646 3933; x_wconf 88' lang='lat' dir='ltr'>dantis</span> <span class='ocrx_word' id='word_1_284' title='bbox 660 3894 727 3935; x_wconf 91' lang='lat' dir='ltr'>oum</span> <span class='ocrx_word' id='word_1_285' title='bbox 737 3876 822 3934; x_wconf 86' lang='lat' dir='ltr'>laude</span> <span class='ocrx_word' id='word_1_286' title='bbox 834 3877 963 3936; x_wconf 88' lang='lat' dir='ltr'>tulerunt</span> 
     </span>
     <span class='ocr_line' id='line_1_45' title="bbox 224 3952 841 4033; baseline 0.002 -20"><span class='ocrx_word' id='word_1_287' title='bbox 224 3954 329 4015; x_wconf 87' lang='lat' dir='ltr'>Dilecti</span> <span class='ocrx_word' id='word_1_288' title='bbox 342 3956 394 4015; x_wconf 84' lang='lat' dir='ltr'>tibi</span> <span class='ocrx_word' id='word_1_289' title='bbox 408 3952 546 4033; x_wconf 87' lang='lat' dir='ltr'>Virgilius</span> <span class='ocrx_word' id='word_1_290' title='bbox 555 3952 716 4033; x_wconf 88' lang='lat' dir='ltr'>Variusque</span> <span class='ocrx_word' id='word_1_291' title='bbox 730 3959 841 4033; x_wconf 70' lang='lat' dir='ltr'>poeto:</span> 
     </span>
    </p>
   </div>
   <div class='ocr_carea' id='block_1_3' title="bbox 0 0 1314 4442">
    <p class='ocr_par' dir='ltr' id='par_1_14' title="bbox 0 0 1314 4442">
     <span class='ocr_line' id='line_1_46' title="bbox 0 0 1314 4442; baseline 0 2"><span class='ocrx_word' id='word_1_292' title='bbox 0 0 1314 4442; x_wconf 95' lang='lat' dir='ltr'> </span> 
     </span>
    </p>
   </div>
  </div>
 </body>
</html>
