2617 4442
446 367 653 417 SATIRARUM
671 368 737 416 LlB.
755 368 776 415 1.
794 371 833 417 10.

175 510 253 571 Tam
268 511 381 586 nigrum
395 529 510 567 surrexe
524 510 610 567 mihi!
632 510 705 585 sugit
717 508 872 586 improbus,
885 530 921 570 ec
934 532 982 573 me

176 591 239 648 Sub
252 591 342 649 cultro
356 590 484 664 linquit.''
519 590 597 647 Casu
610 590 688 647 venit
700 590 799 647 obvius
813 590 853 648 illi

176 669 383 727 Adversarius:
405 678 443 741 et,
465 672 483 699 “
495 666 565 730 Qud
580 678 622 741 tu,
637 668 800 745 turpissime
810 670 841 726 l''
862 671 969 746 maguti
1090 673 1130 730 75

175 748 326 807 Exclamat
339 766 408 805 voce
419 767 426 816 ;
448 758 487 819 et,
508 750 527 778 “
541 747 625 805 Licet
638 748 773 805 antestari
781 749 811 805 l''
833 748 896 825 Ego
909 747 976 807 verd

175 827 300 904 Oppono
314 826 488 885 auriculam:
509 827 582 902 rapit
596 827 626 884 in
637 826 701 903 jus:
722 827 827 885 clamor
841 828 989 905 utrinque,

175 906 310 983 Undique
324 925 489 965 concursus.
523 906 574 963 Sic
589 924 636 963 me
650 906 771 963 servavit
783 906 896 982 Apollo.

526 1266 686 1325 SATIRA
706 1265 745 1323 X.
800 1290 812 1298 ·

176 1382 291 1443 Nemee
306 1382 493 1459 incomposito
505 1384 565 1442 dixi
578 1388 651 1462 pede
665 1406 780 1448 currere
795 1410 892 1449 versus

176 1461 282 1521 Lucili.
316 1462 392 1524 Quis
405 1474 465 1520 tarn
478 1463 573 1521 Lucili
588 1466 679 1525 fautor
693 1468 740 1525 ine
760 1467 789 1527 td
804 1480 856 1541 est,

177 1542 218 1601 Ut
230 1561 289 1600 non
299 1542 353 1599 hoc
367 1542 508 1603 fateatur?
542 1544 584 1601 At
596 1545 684 1618 idem,
698 1549 775 1623 quod
790 1548 848 1605 sale
862 1546 951 1605 multo

176 1620 285 1679 Urbem
299 1621 440 1693 defricuit,
455 1622 555 1679 chartri
568 1623 701 1683 laudatur
713 1626 824 1684 eidem.

176 1699 245 1759 Nec
255 1710 350 1758 tamen
365 1702 419 1758 hoc
429 1701 557 1759 tribuens
568 1702 696 1761 dederim
709 1724 820 1781 quoque
833 1714 952 1763 cetera:
973 1723 1040 1763 nam
1053 1705 1096 1765 sic
1107 1706 1128 1763 ὁ

174 1779 216 1839 Et
229 1778 333 1837 Laberi
348 1780 460 1853 mimos,
474 1792 506 1838 ut
515 1781 636 1856 pulchra
646 1787 789 1859 poemata,
803 1785 896 1843 mirer.

176 1858 256 1937 Ergo
269 1877 327 1917 non
341 1856 410 1917 satis
423 1870 467 1917 est
480 1860 538 1918 risu
554 1861 691 1920 diducere
705 1864 808 1921 rictum

177 1938 342 1997 Auditoris:
363 1949 393 1996 et
406 1949 449 1996 est
461 1940 591 2015 quaedam
604 1952 702 2000 tamen
716 1941 765 1999 hic
777 1962 888 2019 quoque
901 1943 998 2001 virtus.

176 2018 230 2077 Est
244 2018 378 2078 brevitate
392 2037 473 2094 opuS,
487 2030 520 2077 ut
533 2031 628 2078 currat
641 2022 792 2093 sententia,
806 2041 863 2080 neu
877 2042 909 2080 ee

175 2097 319 2174 Impediat
332 2098 424 2155 verbis
436 2098 526 2156 lassas
538 2100 725 2158 onerantibus
738 2120 830 2158 aures.
1091 2101 1128 2158 10

174 2176 216 2235 Et
229 2194 358 2235 sermone
370 2196 442 2253 opus
454 2190 499 2235 est
511 2175 596 2236 modo
611 2179 694 2251 tristi,
708 2177 785 2256 septi
796 2182 903 2255 jocoso,

177 2255 358 2314 Defendente
372 2256 464 2313 vicem
478 2254 564 2315 modd
578 2258 699 2316 rhetoris
712 2269 796 2333 atque
808 2262 911 2334 poete,

177 2334 327 2393 Interdum
341 2335 453 2407 urbani,
466 2337 610 2411 parcentis
623 2337 740 2408 viribus,
754 2348 839 2411 atque

176 2414 366 2472 Extenuantis
379 2432 429 2470 eas
442 2411 582 2472 consultd.
616 2414 786 2473 Ridiculum
801 2414 860 2473 acri

178 2490 292 2552 Fortius
305 2504 335 2551 et
348 2492 452 2551 melius
465 2510 583 2570 magnas
596 2489 763 2571 plerirmque
776 2505 855 2553 secat
868 2514 923 2553 res.
1091 2496 1128 2554 15

177 2571 235 2644 Illi,
250 2572 355 2648 scripta
368 2572 472 2648 quibus
485 2574 626 2631 comoedia
639 2574 734 2650 prisca
746 2574 813 2632 viris
826 2585 879 2647 est,

176 2651 243 2712 Hoc
256 2652 378 2725 stabant,
392 2653 447 2710 hoc
458 2663 525 2710 eunt
537 2652 683 2724 imitandi;
703 2672 773 2729 quos
785 2673 879 2730 neque
891 2652 1009 2730 pulcher

177 2730 375 2807 Hermogenes
388 2750 514 2807 unquam
526 2730 604 2808 legit,
618 2751 711 2809 neque
724 2733 825 2791 simius
834 2734 899 2807 iste,

176 2809 227 2867 Nil
241 2820 341 2887 praeter
355 2810 475 2867 Calvum
488 2820 518 2868 et
530 2811 631 2869 doctus
645 2823 761 2870 cantare
775 2813 970 2871 Catullum.-

177 2890 219 2947 At
232 2908 369 2964 magnum
383 2889 460 2962 fecit,
473 2887 551 2966 qudd
565 2891 657 2949 verbis
671 2892 774 2950 Graeca
787 2891 898 2950 Latinis
1087 2893 1127 2951 20

176 2967 374 3026 Miscuit-O
387 2969 442 3026 seri
453 2970 626 3029 studiorum!
647 2971 736 3047 quine
749 2970 855 3047 putetis

176 3046 301 3105 Difficile
315 3057 344 3104 et
356 3048 470 3121 mirum,
484 3048 601 3108 Rhodio
614 3050 690 3126 quod
704 3050 876 3108 Pitholeonti

177 3126 406 3203 contigitt-At
417 3146 511 3186 sermo
523 3128 623 3204 linguai
636 3129 798 3186 concinnus
811 3131 930 3205 utrique

177 3206 308 3278 Suavior,
322 3216 354 3263 ut
367 3206 441 3265 Chio
454 3219 522 3264 nota
535 3208 559 3264 si
573 3208 728 3265 commixta
742 3206 857 3264 Falerni
870 3216 922 3264 est

175 3284 278 3346 Quum
292 3302 389 3341 versus
399 3284 497 3357 facias,
510 3297 539 3343 te
553 3286 646 3361 ipsum
659 3295 821 3360 percontor,
833 3303 870 3341 an
880 3296 910 3345 et
922 3302 1010 3360 quum
1041 3348 1043 3352 ,
1087 3284 1128 3342 25

176 3362 258 3420 Dura
271 3363 321 3421 tibi
335 3365 498 3440 peragenda
511 3364 552 3422 rei
566 3362 603 3420 sit
615 3381 705 3420 causa
718 3361 824 3435 Petilli,

177 3442 297 3501 Scilicet
309 3442 414 3501 oblitus
427 3443 581 3520 patriaeque
595 3442 738 3519 patrisque
752 3441 859 3515 Latini,

174 3521 278 3583 Quum
292 3522 398 3580 Pedius
411 3540 512 3579 causas
526 3522 645 3580 exsudet
659 3521 814 3599 Poplicola,
827 3532 911 3599 atque

176 3600 327 3674 Corvinus,
341 3602 438 3677 patriis
451 3600 646 3659 intermiscere
665 3602 755 3678 petita

175 3680 274 3739 Verba
287 3680 354 3739 foris
368 3680 459 3752 malis,
471 3679 611 3737 Canusini
625 3700 704 3739 more
718 3681 872 3758 bilinguisl
1088 3679 1128 3737 30

176 3758 267 3835 Atqui
286 3779 340 3835 ego
364 3778 451 3835 quum
464 3759 581 3817 Grecos
592 3760 725 3833 facerem,
740 3772 824 3818 natue
837 3778 915 3819 mare
928 3758 1009 3833 citra,

175 3837 353 3911 Versiculos,
367 3838 456 3896 vetuit
469 3858 515 3896 me
529 3838 579 3896 tali
592 3858 663 3896 voce
676 3839 831 3911 Quirinus,

175 3916 245 3976 Post
256 3918 380 3975 mediam
393 3928 508 3976 noctem
522 3918 608 3991 visus,
619 3936 708 3993 quum
721 3918 834 3977 somnia
845 3936 929 3976 vera:
