2617 4442
479 444 509 500 Q.
527 444 674 492 HORATII
691 445 816 494 FLACCI

399 584 438 644 Et
452 586 621 662 Scythicum
634 586 786 646 inviolatus
800 607 924 648 amnem.

320 665 382 723 Vos
396 663 540 722 Caesarem
554 667 653 737 altum,
667 667 769 723 militia
783 668 867 725 simul

320 743 424 801 Fessaa
438 745 568 803 cohortes
583 745 692 802 abdidit
705 745 827 821 oppidis,

359 821 458 880 Finire
472 835 645 899 querentem
659 823 771 881 labores

399 901 494 960 Pierio
507 902 641 960 recreatis
656 913 745 960 antro.

320 979 381 1037 Vos
394 980 459 1038 lene
474 981 625 1039 eonsilium
639 992 669 1039 et
682 981 765 1054 datis,
780 991 808 1038 et
822 983 888 1041 dato

319 1059 468 1133 Gaudetis,
483 1061 572 1117 almae.
607 1059 723 1118 Scimus
737 1071 768 1118 ut
781 1060 882 1137 impios

360 1137 483 1196 Titanas
496 1139 707 1214 immanemque
720 1151 844 1197 turmam

399 1217 534 1275 Fulmine
548 1219 693 1276 sustulerit
706 1220 826 1291 oaduoo,

319 1296 382 1358 Qui
396 1307 501 1354 terram
515 1298 648 1370 inertem,
662 1297 711 1372 qui
724 1317 803 1355 mare
817 1307 955 1374 temperat

290 1393 292 1398 ·
312 1375 488 1449 'ventosum
502 1387 531 1434 et
544 1378 639 1449 urbes,
654 1395 798 1452 regnaque
812 1376 913 1451 tristia,

359 1455 514 1530 Divosque,
528 1456 716 1530 mortalesque
730 1457 837 1528 turbas,

399 1534 524 1610 Imperio
537 1535 611 1611 regit
625 1555 700 1592 unus
715 1554 804 1610 raquo.

320 1612 462 1689 Magnum
477 1615 524 1672 illa
537 1624 674 1673 terrorem
688 1615 823 1672 intulerat
835 1612 901 1673 Jovi

321 1691 431 1750 Fidens
441 1697 576 1768 juventus
590 1694 704 1751 horrida
718 1694 853 1767 brachiis,

360 1770 531 1846 Fratresque
545 1773 696 1828 tendentes
709 1791 800 1847 opaoo

399 1849 498 1907 Peh'on
511 1850 678 1925 imposuisse
692 1848 826 1926 Olympo.

319 1927 377 1985 Sed
391 1928 458 2003 quid
473 1927 632 2003 Typhoeus,
647 1939 676 1985 et
689 1929 799 1986 validus
813 1928 929 2003 Mimas,

319 2009 380 2063 Aut
393 2007 462 2080 quid
475 2007 581 2065 minaei
596 2007 772 2083 Porphyrion
786 2018 871 2080 statu,

356 2085 439 2148 Quid
453 2085 588 2160 Rhoetus,
602 2087 762 2162 evulsisque
776 2087 886 2144 truncis

396 2163 561 2222 Enceladus
572 2166 712 2242 jaculator
726 2167 829 2239 audax,

319 2243 428 2302 Contra
442 2257 591 2302 sonantem
606 2246 730 2303 Palladis
744 2246 836 2321 aegida

319 2323 440 2382 Possent
453 2325 588 2382 ruentes?
623 2323 703 2382 Hine
716 2325 816 2382 avidus
829 2323 906 2382 stetit

356 2403 520 2475 Vuloanus;
542 2405 611 2463 hino
625 2415 755 2462 matrona
768 2404 857 2476 June,
871 2413 900 2461 et

395 2482 552 2559 Nunquam
567 2484 694 2540 humeris
707 2483 850 2560 positurus
863 2501 975 2559 areum,

316 2561 379 2624 Qui
392 2581 455 2619 rore
468 2581 539 2636 puro
552 2561 686 2618 Castaliae
699 2561 766 2618 lavit

316 2639 420 2697 Orines
433 2639 548 2711 solutos,
563 2639 611 2713 qui
625 2639 723 2714 Lyoiae
737 2649 817 2697 tenet

355 2717 482 2776 Dumeta
495 2718 675 2793 natalemque
689 2718 798 2791 silvam,

396 2796 497 2854 Delius
511 2808 540 2855 et
553 2797 690 2854 Patareus
704 2797 815 2873 Apollo.

316 2876 370 2934 vis
384 2875 486 2934 consili
500 2896 601 2953 expers
614 2876 689 2933 mole
702 2878 760 2934 ruit
772 2877 843 2933 suri:

316 2956 384 3013 Vim
397 2965 583 3030 temperatam
598 2954 628 3011 di
642 2973 755 3030 quoque
768 2955 928 3031 provehunt

355 3033 391 3092 In
407 3034 514 3110 majus:
536 3033 614 3092 idem
627 3033 716 3092 odere
730 3034 803 3091 vires

394 3112 490 3170 Omne
504 3114 584 3172 nefas
598 3113 694 3172 animo
706 3123 863 3171 moventes.

316 3192 415 3252 Testis
428 3211 556 3251 mearum
571 3193 752 3251 centimanus
764 3192 861 3268 Gyges

316 3272 547 3343 Sententiarum
569 3283 654 3331 notus
666 3283 695 3330 et
709 3273 827 3349 integrae

354 3351 494 3412 Tentator
507 3353 599 3411 Orion
614 3352 726 3425 Dianae,

394 3431 534 3507 Virginea
549 3432 674 3488 domitus
688 3429 800 3506 sagittat.

314 3508 426 3585 Injeeta
439 3509 572 3567 monstris
585 3519 662 3566 terra
675 3510 752 3567 dolet
765 3509 833 3582 suis,

316 3586 476 3662 Moeretque
489 3598 588 3663 partus
602 3587 720 3644 fulmine
734 3587 859 3645 luridum

356 3665 461 3724 Missos
475 3667 510 3723 ad
524 3666 652 3724 Oreum:
674 3684 730 3723 neo
742 3667 855 3742 peredit

393 3744 559 3823 Impositam
573 3745 648 3803 celer
663 3745 738 3821 ignia
752 3745 880 3803 AEtnen:

315 3823 525 3883 Inoontinentis
539 3843 595 3884 neo
608 3824 689 3900 Tityi
700 3824 782 3901 jeeur

314 3903 465 3981 Relinquit
479 3905 547 3978 ales,
561 3903 696 3981 nequitia
710 3904 824 3963 additus
