2617 4442
159 338 216 399 188
478 337 510 395 Q.
527 335 675 387 nostru
691 336 825 388 rancor.
944 366 947 372 .

196 478 252 538 Pes
265 478 356 552 citus;
377 478 455 540 unde
468 480 556 540 etiam
569 480 704 540 uimctris
717 499 882 541 accrescere
892 479 978 560 jussit

195 558 312 619 Nomen
326 558 460 634 Iambeis‚
473 578 562 637 quum
575 579 660 619 senos
672 560 804 618 redderet
817 559 902 635 ictus,

196 637 309 698 Primus
322 640 359 697 ad
372 650 532 699 extremum
545 638 646 698 similis
659 639 731 697 sibi:
751 658 810 698 non
823 640 864 698 ita
875 640 997 718 pridem,

196 716 319 777 Tardior
329 729 361 776 ut
373 716 459 796 pauld
473 719 640 797 graviorque
653 719 763 777 veniret
775 720 812 777 ad
826 738 920 795 aures,

197 798 345 874 Spondeoa
355 798 470 857 stabiles
485 799 515 857 in
525 798 592 875 jura
603 810 722 876 paterna
735 798 843 876 recepit

196 876 373 936 Commodus
385 888 415 937 et
427 878 555 955 patiens;
576 896 636 936 non
650 888 682 935 ut
691 877 728 935 de
741 878 809 935 sede
820 878 950 938 secundi

195 954 320 1014 Cederet
333 965 383 1015 aut
395 957 496 1033 quartl
509 956 659 1016 socialiter.
700 955 760 1015 Hic
772 966 802 1015 et
814 956 846 1015 in
859 956 936 1019 Acci

196 1033 350 1093 Nobilibus
362 1035 498 1095 trimetris
511 1046 627 1113 apparet
639 1054 730 1109 rarus,
744 1046 774 1094 et
786 1032 894 1128 Enni.)

211 1133 231 1171 n
245 1132 362 1172 scenam
375 1114 477 1173 missus
490 1134 595 1191 magno
605 1134 672 1173 cum
682 1115 809 1191 pondere
821 1134 929 1191 versus,

195 1193 257 1250 Aut
270 1211 363 1271 operte
377 1193 479 1251 celeris
491 1191 614 1253 nimium
627 1194 754 1271 curiaque
768 1196 901 1269 carentis,

195 1272 257 1330 Aut
269 1272 404 1350 ignorate
418 1274 521 1350 premit
531 1273 598 1331 artis
611 1272 732 1331 crimine
746 1274 829 1351 turpi.

194 1348 263 1409 Non
275 1351 367 1427 quiris
381 1352 457 1411 videt
470 1352 654 1411 immodulata
667 1356 800 1429 pobmata
810 1353 915 1430 judex;

194 1427 233 1488 Et
246 1430 312 1489 data
326 1430 467 1491 Romanis
479 1432 563 1490 venia
575 1442 618 1490 est
631 1431 751 1509 indigna
763 1433 863 1509 potitis.

194 1506 346 1569 idcircone
360 1530 455 1589 vager,
469 1511 647 1587 scribamque
661 1511 790 1585 licenter,
804 1521 837 1570 ut
848 1530 949 1572 omnes

194 1586 314 1648 Visuros
326 1600 446 1667 peccata
459 1601 556 1668 putem
570 1610 644 1663 mea,
658 1600 745 1664 tutus,
758 1601 788 1648 et
798 1591 873 1650 intra

195 1668 283 1743 Spem
294 1668 384 1728 venie
398 1672 522 1729 cautnsl
564 1670 659 1728 Vitavi
673 1669 796 1746 denique
809 1671 933 1747 culpam,

169 1819 176 1830 ι
194 1745 264 1805 Non
277 1748 391 1807 laudem
406 1750 507 1807 merui.
547 1749 608 1809 Vns
622 1750 794 1826 exemplaria
806 1750 910 1809 Graeca

73 1828 94 1840 ‘
112 1824 164 1833 ’“
193 1824 346 1884 Nocturnt
359 1838 467 1886 versate
482 1846 579 1901 manu,
594 1839 703 1909 versate
717 1829 829 1887 diumd.

194 1904 235 1962 At
249 1906 332 1963 vestri
345 1906 442 1982 proavi
455 1905 603 1965 Plautinos
616 1918 646 1965 et
659 1926 792 1966 numeros
805 1919 836 1967 et

194 1981 361 2043 Laudavtre
375 1984 458 2058 sales,
472 1983 594 2043 nimidm
607 1987 748 2062 patienter
762 1998 923 2064 utrumque,

193 2061 241 2120 Ne
255 2063 350 2121 dicam
363 2061 460 2137 stulte,
471 2064 581 2135 mirati3
603 2066 627 2123 si
640 2064 727 2125 modd
740 2086 795 2143 ego
807 2077 837 2126 et
850 2086 899 2127 vos

194 2141 308 2200 Scimus
323 2142 494 2203 inurbanum
508 2144 602 2221 lepido
616 2164 755 2221 seponere
767 2147 854 2220 dicto,

192 2220 423 2359 Legitimumque
437 2242 538 2283 sonum
552 2224 650 2301 digitis
664 2225 811 2298 callemus,
824 2237 854 2284 et
867 2245 943 2287 aure

189 2318 192 2325 '
249 2313 367 2379 gnotum
381 2302 514 2381 Tragicae
524 2322 615 2381 genus
629 2304 772 2363 invenisse
786 2305 933 2364 Camrente

192 2379 305 2441 Dicitur
330 2393 360 2442 et
371 2382 503 2461 plaustris
516 2384 625 2442 vexisse
638 2387 773 2460 mimate
784 2382 910 2463 Thespis

191 2459 254 2521 Qui
283 2473 421 2522 canerent
434 2474 607 2539 agerentque
620 2464 751 2539 peruncti
767 2462 885 2522 faecibus
897 2482 955 2523 ora

193 2538 261 2597 Post
274 2540 362 2615 hunc,
376 2560 504 2618 persone
518 2542 654 2619 pallasque
669 2553 794 2619 repertor
807 2544 943 2619 honestae,

192 2618 358 2695 AEschylus‚
369 2630 398 2677 et
412 2620 531 2679 modicis
545 2621 674 2679 instravit
687 2622 796 2699 pulpita
808 2623 905 2699 tignis,

191 2698 230 2756 Et
240 2698 337 2757 docuit
347 2717 538 2775 magnumque
552 2700 628 2775 loqui
642 2700 750 2776 nitique
764 2703 912 2762 cothurno.

192 2778 339 2836 Successit
352 2788 433 2836 vetus
447 2778 495 2835 his¹
505 2778 665 2853 Comoedia,
680 2800 739 2839 non
753 2780 816 2839 sine
830 2781 922 2840 mutat

190 2856 308 2927 Laude;
330 2857 379 2915 sed
394 2858 423 2916 in
438 2857 536 2915 vitium
551 2858 666 2917 libertas
679 2854 830 2918 excidit‘et
840 2860 897 2918 vim

190 2934 316 3013 Dignam
329 2936 393 3013 lege
405 2936 482 3013 regi:
503 2936 550 2995 lex
563 2949 607 2996 est
620 2949 749 3015 accepta,
760 2940 919 3016 chorusque

189 3014 239 3073 Tu
273 3015 325 3073 iter
337 3014 467 3089 obticuit,
481 3016 591 3075 sublato
601 3018 666 3095 jure
679 3019 811 3077 nocendi.

230 3034 280 3153 llll
295 3094 465 3154 intentatum
480 3096 567 3155 nostri
581 3096 691 3173 liquere
704 3102 813 3174 poetae:

189 3171 254 3233 Nec
267 3175 416 3235 minimum
432 3175 563 3235 meruere
576 3177 675 3249 decus,
689 3177 808 3254 vestigia
820 3178 923 3237 Graecs

190 3252 264 3312 Ausi
277 3254 409 3314 deserere
422 3266 451 3314 et
464 3256 609 3315 celebrare
624 3256 781 3315 domestica
795 3256 879 3330 sacta,

190 3330 245 3390 Vel
258 3333 307 3409 qui
321 3345 480 3410 praetextas,
495 3337 538 3394 vel
553 3336 602 3413 qui
616 3334 741 3394 docuere
755 3347 873 3412 togatas.

192 3410 255 3469 Nec
269 3412 372 3470 virtute
386 3414 457 3471 foret
470 3414 589 3473 clarisve
603 3417 748 3491 potentins
762 3415 858 3487 armis,

189 3487 288 3551 Qudm
303 3490 413 3567 lingui,
427 3489 551 3565 Latium,
565 3493 589 3551 si
604 3514 663 3551 non
677 3494 835 3552 offenderet
848 3511 950 3551 nnum-

189 3587 329 3644 quemque
343 3572 490 3646 poetarum
504 3570 579 3627 limae
593 3572 672 3629 lebcr
686 3584 715 3630 et
727 3593 814 3631 mora.
855 3573 926 3646 Vos,
938 3591 958 3631 ο

190 3646 347 3722 Pompilius
360 3648 486 3723 sanguis,
500 3667 617 3708 carmen
630 3652 831 3727 reprehendite
844 3653 920 3729 quod
934 3670 993 3711 non

190 3722 223 3781 lll
226 3725 283 3783 ulta
296 3727 359 3783 dics
372 3738 402 3785 et
415 3727 504 3785 multa
517 3726 602 3786 litura
616 3731 755 3803 coercuit,
771 3743 856 3807 atque

190 3802 363 3862 Prmsectum
376 3805 474 3863 decies
488 3825 544 3865 non
559 3808 707 3884 castigavit
720 3811 756 3869 ad
770 3829 907 3889 unguem.

230 3881 383 3959 Ingenium
396 3884 500 3943 miscrd
513 3886 580 3961 quia
595 3886 766 3947 fortunatius
780 3900 839 3949 arte
