2617 4442
483 374 514 432 Q.
532 373 680 423 HORATII
696 373 830 424 FLACCl.

479 517 600 595 Frangit
614 526 770 575 trementes
784 517 882 576 ilices:

321 595 388 656 Nec
400 595 480 655 sidus
493 597 555 655 atrd
569 607 654 655 nocte
669 597 793 654 amicum
804 606 947 674 appareat,

480 675 551 739 Qut
565 676 653 733 tristis
666 675 758 734 Orion
773 677 867 735 cadit:

320 753 472 817 Quietiora
487 774 542 813 nec
556 756 662 813 feratur
677 773 798 830 aequore,

479 832 579 896 Quum
593 834 681 892 Graia
694 835 832 892 victorum
846 853 959 910 manus,

320 911 423 975 Quum
436 911 530 970 Pallas
544 923 607 971 usto
621 913 704 971 vertit
718 913 788 970 iram
803 913 839 970 ab
852 912 907 973 Ilio

480 991 516 1049 In
531 993 647 1068 impiam
661 992 760 1068 Ajaois
774 1002 873 1051 ratem.

321 1069 350 1129 0
362 1082 486 1147 quantus
500 1072 587 1128 instat
599 1071 702 1129 navitis
716 1072 801 1129 sudor
814 1071 882 1147 tuis,

478 1149 603 1226 Tibique
616 1151 705 1227 pallor
718 1151 822 1224 luteus,

320 1227 359 1288 Et
372 1228 421 1287 illu
433 1247 492 1286 non
506 1230 593 1288 virilis
607 1229 731 1306 ejulatio,

479 1309 585 1366 Preces
598 1321 627 1366 et
641 1327 771 1366 aversum
785 1309 821 1366 ad
836 1308 947 1384 Jovem,

321 1385 421 1446 Ionius
436 1388 492 1446 udo
505 1407 592 1461 quum
607 1388 771 1465 remugiens
784 1388 865 1447 sinus

477 1466 556 1526 Noto
570 1469 697 1525 carinam
711 1467 834 1543 ruperit!

319 1543 426 1623 Opima
438 1544 514 1623 qudd
529 1548 553 1605 si
566 1548 663 1624 praeda
677 1565 763 1605 curvo
776 1546 869 1604 littore

477 1626 611 1685 Porrecta
625 1645 738 1703 mergos
747 1625 865 1702 juveris,

319 1702 504 1763 Libidinosus
517 1706 708 1763 immolabitur
721 1723 817 1781 caper,

478 1783 516 1841 Et
529 1803 604 1862 agna
618 1783 862 1861 Tempestatibus.

582 2097 667 2158 ODE
687 2099 726 2157 X.

563 2238 604 2278 AD
624 2239 746 2279 AMIGOS.

280 2339 425 2400 Horams
438 2349 592 2418 tempestas
606 2340 712 2398 coelurn
725 2339 876 2412 contraxit,
890 2349 920 2397 et
932 2337 1037 2398 imbres

239 2417 386 2496 Nivesque
399 2420 547 2478 deducunt
561 2420 681 2478 Jovern:
701 2437 780 2477 nunc
794 2437 883 2492 mare,
897 2438 976 2477 nunc
989 2419 1079 2492 silnae,

280 2498 419 2557 Threicio
432 2499 577 2574 Aquilone
590 2509 701 2556 sonant.
744 2498 913 2574 Rapiarnus,
928 2498 1023 2573 amici,

240 2577 431 2637 Occasionem
446 2579 482 2635 de
496 2578 560 2634 die:
582 2577 707 2651 dumque
720 2577 813 2634 virent
825 2597 931 2653 genua,

280 2655 318 2714 Et
332 2658 424 2728 decet,
437 2653 564 2713 obducti
577 2655 701 2712 solvmur
715 2656 807 2714 fronte
820 2667 963 2715 senectus.
1129 2658 1150 2716 5

241 2734 290 2794 Tu
304 2735 370 2792 vina
383 2733 529 2810 Torquato
543 2753 623 2792 move
637 2735 754 2792 consule
767 2755 866 2811 pressa
878 2756 951 2795 meo.

281 2813 393 2872 Coetera
406 2813 486 2871 mitte
500 2814 590 2889 loqui:
611 2813 683 2871 deus
697 2815 760 2870 haec
774 2814 891 2873 fortasse
904 2814 1031 2891 benignu

219 2889 222 2898 ¹
242 2892 379 2951 Reducet
392 2893 422 2949 in
436 2893 533 2950 sedem
548 2893 619 2952 vice.
661 2892 752 2951 Nunc
765 2905 794 2951 et
805 2895 995 2952 Achaemenic

281 2971 419 3029 Perfundi
433 2972 522 3030 nardo
533 2972 621 3049 juvat,
636 2984 666 3030 et
680 2972 736 3030 lide
750 2972 889 3048 Cyllenea

242 3050 351 3110 levare
365 3050 434 3108 diris
446 3063 562 3127 pectora
575 3052 831 3110 sollicitudinibus:
1112 3051 1150 3111 10

280 3129 393 3188 Nobilis
409 3140 440 3188 ut
453 3131 555 3207 grandi
569 3131 677 3188 cecinit
690 3131 853 3188 Centaurus
867 3131 1002 3189 alumno:

242 3211 260 3241 '⁴
269 3206 379 3268 Invicta
393 3210 528 3282 mortalis,
543 3209 598 3268 det
611 3221 679 3269 nate
691 3228 762 3286 puer
776 3209 914 3282 Thetide,

280 3287 327 3346 Te
340 3299 437 3347 manet
451 3290 585 3348 Assaraci
598 3291 691 3371 tellus,
705 3309 790 3364 quam
804 3289 906 3365 frigida
918 3288 997 3364 parvi

240 3365 370 3425 Findunt
384 3369 553 3426 Scamandri
565 3368 693 3438 flumina,
707 3369 834 3426 lubricus
847 3377 877 3425 et
891 3367 1014 3438 Simois;

259 3475 263 3480 ·
278 3444 363 3503 Unde
377 3447 428 3504 tibi
441 3448 564 3504 reditum
579 3459 659 3506 certo
672 3447 833 3504 subtemine
848 3447 948 3504 Parca
1111 3444 1149 3503 15

238 3521 376 3599 Rupere;
397 3543 453 3581 nec
466 3534 556 3581 mater
569 3525 686 3583 domum
700 3526 808 3584 coerula
822 3536 851 3583 te
864 3525 987 3582 revehet.

280 3601 345 3659 Illic
358 3621 444 3660 omne
457 3603 565 3659 mulum
579 3604 645 3662 vino
659 3614 801 3680 cantuque
814 3605 916 3677 levato,

238 3679 381 3740 Deformis
396 3681 568 3760 egrimoniae
582 3683 715 3741 dulcibus
728 3684 885 3761 alloquiia''
