2617 4442
494 345 525 401 Q.
543 343 690 394 HORATII
707 343 832 393 FLACCI

330 486 493 546 Immunem
506 487 629 546 meditor
642 485 754 564 tingere
766 485 887 562 poculis,

488 566 579 623 Plena
592 567 672 623 dives
682 578 714 623 ut
727 566 757 623 in
771 567 866 623 domo.

330 641 440 703 Verum
457 663 532 721 pone
546 663 649 716 moras,
664 655 693 702 et
707 645 832 701 studium
846 642 920 701 lueri
928 661 937 714 3

327 722 358 780 N
360 723 541 800 igrorumque
555 742 673 795 memor,
688 724 756 779 dum
768 722 845 794 lieet,
860 722 982 798 ignium,

328 800 422 860 Misce
436 801 584 859 stultitiam
598 800 726 859 consiliis
741 802 854 858 brevem
866 819 873 858 ε

486 878 580 938 Dulee
593 891 637 939 est
650 880 779 956 desipere
792 879 822 936 in
836 879 909 939 lom.

578 1193 664 1252 ODE
683 1192 756 1251 XII.

585 1331 626 1370 sn
639 1329 748 1371 urens.

330 1417 504 1506 Aumvimu,
517 1430 606 1508 Lyce,
620 1429 650 1488 dt
665 1450 730 1489 mea
742 1440 816 1505 rota,
830 1430 861 1490 di

330 1509 487 1584 Audivere,
502 1511 597 1586 Lyee:
617 1510 652 1566 fis
666 1529 748 1582 anus,
761 1520 791 1568 et
804 1522 901 1570 tamen

488 1589 541 1647 Vis
556 1590 679 1648 formosa
692 1589 795 1659 videri3

448 1670 595 1744 Ludisque
608 1679 638 1726 et
650 1668 725 1725 bibis
738 1669 899 1745 impudens.

329 1746 513 1824 Importunus
526 1749 616 1804 Amor
629 1747 782 1805 transvolat
795 1748 889 1805 aridas

329 1825 476 1899 Querens,
490 1837 519 1883 et
531 1826 636 1900 refugit
649 1835 687 1896 te,
701 1826 768 1900 quia
781 1825 866 1884 luridi

488 1904 598 1961 Dentes
612 1914 650 1975 te,
665 1904 730 1978 quia
744 1923 822 1980 rugae

449 1982 591 2059 Turpant‚
606 1993 635 2039 et
649 1981 751 2057 eapitis
764 1983 853 2040 nives.

331 2059 397 2119 Nec
410 2060 479 2120 Coae
493 2062 620 2119 referunt
629 2061 690 2137 jam
704 2060 756 2118 tibi
769 2080 911 2137 purpurae,

331 2139 362 2197 N
364 2158 399 2198 ec
413 2140 481 2198 olari
495 2141 613 2217 lapides,
627 2152 755 2216 tempora
768 2159 831 2215 quae
845 2140 934 2198 semel

489 2218 575 2277 Notis
588 2219 705 2277 eondita
718 2219 797 2277 sestis

449 2298 570 2357 Inclusit
583 2298 706 2357 volueris
718 2299 788 2356 dies.

329 2375 400 2442 Qut
415 2378 487 2456 fugit
499 2379 620 2437 Venusi
640 2377 712 2436 heui
727 2374 819 2453 quire
833 2377 910 2436 solor
923 2378 1054 2439 deeensI

329 2456 400 2522 Qua
414 2461 525 2517 motus?
546 2459 614 2534 quid
628 2458 717 2514 habes
731 2457 815 2530 illius,
829 2457 915 2531 illius,

486 2537 564 2597 Quae
578 2536 702 2611 spirabat
715 2555 835 2608 amores,
982 2551 989 2566 ·
1126 2537 1164 2594 15

447 2614 524 2676 Quae
539 2632 584 2669 me
599 2623 749 2689 surpuerat
762 2614 842 2686 mihi,

329 2691 412 2751 Felix
423 2703 487 2769 post
500 2692 654 2767 Cyuaram‚
668 2703 792 2768 notaque
805 2703 834 2749 et
847 2693 951 2751 artium

329 2773 481 2830 Gruterum
496 2771 604 2829 saeiesi
639 2772 698 2828 Sed
711 2771 835 2846 Cynarae
847 2772 947 2831 breves

487 2852 590 2909 Annos
604 2850 661 2908 sata
675 2851 825 2924 dederunt,

449 2931 600 2988 Servatum
614 2930 664 2987 diu
676 2948 774 3006 parem

330 3007 462 3067 Coruinis
476 3009 577 3067 vetulae
591 3009 765 3084 temporibus
778 3009 894 3084 Lyeen3

330 3087 451 3148 Posseut
463 3101 495 3146 ut
505 3089 625 3164 juvenes
639 3088 730 3145 visere
745 3087 854 3162 fervidi,

488 3165 580 3226 Multo
593 3185 650 3225 non
666 3167 733 3232 siue,
742 3167 811 3239 risu,

448 3244 596 3325 Dilapsam
610 3248 640 3305 iu
654 3246 767 3304 eineres
781 3247 881 3305 faeem.

572 3561 658 3620 ODE
672 3562 761 3621 XIII.

554 3698 596 3737 AI)
609 3699 782 3741 sucusuuui.

328 3795 409 3859 Qum
423 3815 493 3856 eura
506 3798 633 3874 Patrum,
647 3818 745 3876 quaeve
756 3797 927 3873 Quiritium,

330 3875 428 3935 Plenis
438 3878 578 3936 honorum
592 3880 759 3938 muneribus
772 3889 847 3952 tuas,
