2617 4442
478 354 685 405 SATIRARUM
703 354 770 403 LIB.
788 355 825 405 11.
841 357 866 405 3.
1118 357 1175 416 125

218 498 349 558 Extimui
363 518 401 556 ne
415 516 463 557 vos
477 509 574 576 ageret
586 497 703 557 vesania
717 497 826 557 discors
834 518 842 570 ς

216 578 266 636 Tu
280 576 509 651 Nomentanum,
523 589 555 636 tu
568 598 605 636 ne
619 597 770 654 sequerere
784 578 925 636 Cicutam.
1118 578 1175 636 175

214 658 327 729 Quare,
338 676 389 733 per
402 657 483 715 diros
496 667 593 716 oratus
607 668 726 734 uterque
737 658 870 730 Penates,

216 736 267 793 Tu
280 756 351 793 cave
365 756 403 793 ne
416 736 540 809 minuas,
555 747 587 795 tu
598 756 635 795 ne
649 736 742 813 majus
753 736 841 795 facias
854 738 884 795 id

216 815 308 878 Quod
322 815 392 874 satis
405 835 468 875 esse
481 826 563 893 putat
575 827 665 893 pater,
680 827 709 874 et
723 827 826 874 natura
839 820 963 875 coercet.

216 894 368 967 Praeterea,
382 914 420 953 ne
434 915 482 954 ros
496 896 591 954 titillet
601 896 701 971 gloria,
712 895 788 972 jure·

212 973 336 1051 jurando
348 973 523 1052 obstringam
537 976 637 1033 ambo:
659 986 722 1033 uter
736 975 826 1033 aedilis
837 974 956 1033 fueritve
1119 972 1176 1031 180

218 1053 354 1111 Vestrrim
368 1066 479 1130 pretor,
495 1055 519 1113 is
532 1054 703 1113 intestabilis
716 1065 746 1112 et
758 1074 839 1112 sacer
853 1065 921 1112 estc.

218 1132 255 1190 In
270 1133 365 1190 cicere
380 1145 463 1209 atque
479 1134 546 1192 sabia
559 1133 636 1192 bona
649 1144 681 1192 tu
694 1134 852 1211 perdasque
865 1132 982 1210 lupinis,

218 1211 309 1270 Latus
323 1222 355 1270 ut
368 1212 399 1270 in
414 1213 501 1272 Circo
514 1214 645 1292 spatiere,
660 1224 709 1272 aut
723 1232 821 1272 aeneus
834 1220 866 1270 nt
879 1224 947 1285 stes,

218 1290 325 1349 Nudus
339 1292 424 1368 agris,
435 1294 530 1351 nudus
541 1292 676 1366 nummis,
690 1294 800 1366 insane,
814 1292 962 1369 paternisl

220 1371 339 1429 Scilicet
351 1382 384 1429 ut
395 1372 511 1448 plausus
524 1392 594 1450 quos
609 1374 663 1430 fert
676 1372 806 1449 Agrippa
819 1373 893 1429 feras
906 1382 948 1445 tu,
1118 1370 1175 1429 185
1236 1370 1239 1374 ’

218 1453 323 1507 Astuta
336 1450 495 1527 ingenuum
508 1452 606 1527 vulpes
619 1452 729 1510 imitata
742 1452 855 1510 leonem
862 1452 883 1509 l'

219 1535 227 1561 ‘
243 1528 290 1588 Ne
303 1530 367 1606 quis
381 1531 515 1589 humasse
529 1531 596 1589 velit
609 1531 741 1607 Ajacem,
756 1531 869 1603 Atrida,
883 1538 962 1588 vetas
974 1531 1055 1588 curl'

218 1614 227 1641 ‘
240 1610 307 1667 Rex
320 1611 400 1667 sum.'
444 1610 513 1669 ‘Nil
527 1608 601 1668 ultrd
614 1628 711 1687 quaero
723 1610 870 1686 plebeius.'
913 1608 971 1668 ‘Et
984 1628 1094 1685 equam

218 1689 296 1747 Rem
310 1689 456 1766 imperito:
478 1701 515 1763 at,
530 1692 553 1748 si
568 1690 616 1748 cui
630 1689 727 1748 videor
740 1710 799 1748 non
810 1689 913 1766 justus,
927 1688 1018 1749 inulto

218 1768 325 1828 Dicere
338 1771 413 1846 quod
427 1771 514 1828 sentit
526 1770 677 1846 permitto!
720 1768 866 1827 ‘Maxime
877 1788 987 1846 regum,
1119 1768 1176 1827 190

219 1848 258 1906 Di
271 1849 323 1908 tibi
337 1850 405 1907 dent
415 1849 499 1926 capti
513 1850 634 1907 classem
648 1850 786 1907 reducere
800 1849 906 1925 Troji!

219 1928 297 2005 Ergo
312 1930 472 2001 consulere,
487 1940 516 1987 et
530 1949 596 1988 mox
609 1930 781 2005 respondere
794 1929 892 1987 licebit
902 1929 923 1986 l'

219 2008 382 2066 ‘Consule'
418 2008 497 2066 ‘Cur
512 2009 596 2085 Ajax,
608 2009 692 2068 heros
706 2010 743 2067 ab
753 2008 869 2067 Achille
879 2008 1034 2082 secundus,

219 2087 371 2161 Putrescit,
385 2086 468 2147 toties
482 2088 598 2146 servatis
611 2088 706 2146 clarus
721 2088 857 2146 Achivis?

218 2168 349 2225 Gaudeat
363 2178 394 2225 ut
407 2168 528 2244 populus
541 2168 647 2225 Priami
660 2167 845 2243 Priamusque
860 2167 1018 2239 inhumato,
1117 2165 1175 2223 195

219 2246 274 2304 Per
287 2264 372 2322 quern
386 2257 426 2304 tot
438 2246 558 2322 juvenes
571 2246 663 2323 patrio
675 2245 796 2303 caruere
809 2246 940 2322 sepulcro
948 2246 969 2303 t’

220 2325 318 2383 ‘Mille
331 2326 426 2384 ovium
441 2326 558 2383 insanus
572 2326 655 2383 morti
669 2325 758 2396 dedit,
773 2324 911 2401 inclytum
924 2324 1056 2399 Ulyssem

222 2405 260 2464 Et
274 2404 443 2464 Menelaiim
457 2404 516 2461 uni
530 2422 644 2461 mecum
658 2423 689 2461 se
703 2404 836 2462 occidere
850 2403 995 2461 clamans?

220 2485 286 2543 ‘Tu
299 2504 388 2560 quum
401 2503 453 2561 pro
464 2483 552 2541 vitula
565 2482 665 2541 statuis
679 2482 793 2541 dulcem
807 2482 914 2541 Aulide
927 2493 1025 2541 natam

219 2566 297 2623 Ante
311 2582 384 2637 aras,
395 2563 560 2641 spargisque
573 2561 649 2621 molt
664 2572 761 2640 caput,
772 2562 909 2640 improbe,
923 2562 1009 2635 sust,
1115 2562 1175 2621 200

219 2645 345 2703 Rectum
359 2643 447 2702 animi
461 2644 583 2702 servasl’
620 2641 813 2706 ‘Quorsumt’
848 2642 992 2701 ‘Insanus
1004 2640 1072 2720 quid
1085 2642 1164 2701 enim

298 2724 375 2783 A'ax

220 2802 313 2875 Fecit,
325 2745 415 2880 buum
430 2803 528 2862 stravit
541 2804 615 2863 serro
625 2804 735 2880 pecual
755 2802 893 2863 abstinuit
906 2800 963 2860 vim

219 2883 315 2942 Uxore
328 2894 357 2940 et
370 2894 467 2960 gnato,
478 2883 554 2942 mala
566 2883 657 2940 multa
669 2893 803 2960 precatus
816 2881 935 2940 Atridis.

218 2962 287 3021 Non
301 2963 348 3021 ille
362 2973 411 3021 aut
424 2962 573 3021 Teucrum
587 2974 637 3021 aut
650 2962 744 3038 ipsum
758 2962 870 3020 violavit
882 2960 1032 3038 Ulyssem!

220 3048 227 3074 ‘
240 3040 350 3102 Verium
363 3062 426 3119 ego,
441 3053 472 3101 ut
486 3043 627 3101 herentes
641 3042 759 3099 adverso
772 3041 867 3099 littore
880 3060 969 3100 nates
1113 3038 1174 3098 205

220 3120 378 3197 Eriperem,
391 3123 518 3199 prudens
530 3120 640 3198 placavi
654 3121 794 3196 sanguine
808 3121 905 3178 divos?

166 3227 171 3235 ·
220 3206 227 3231 ‘
242 3199 356 3277 Nempe
371 3215 430 3274 tuo,
445 3202 568 3259 furiose!
605 3198 702 3271 ‘Me0,
716 3200 839 3256 sednon
854 3198 994 3256 furiosus!

219 3280 302 3342 ‘Qui
316 3282 425 3357 species
439 3280 510 3338 alias
524 3278 598 3337 veris
611 3277 783 3352 scelerisque
796 3276 923 3334 tumultu

219 3360 379 3418 Permixtas
392 3360 495 3436 capiet,
510 3367 670 3415 commotus
684 3355 850 3426 habebitur;
871 3366 966 3431 atque,

219 3440 387 3499 Stultitiine
400 3449 485 3511 erret,
497 3436 619 3495 nihilum
634 3436 759 3508 distabit,
774 3455 812 3493 an
825 3434 878 3493 irai.
1113 3433 1174 3494 21⁰

217 3518 303 3595 Ajax,
316 3537 404 3595 quum
419 3516 575 3589 immeritos
588 3514 705 3588 occidit,
719 3514 832 3591 desipit,
847 3516 959 3592 agnosl

216 3597 318 3660 Quum
331 3598 456 3673 prudens
470 3595 564 3654 scelus
576 3596 614 3653 ob
627 3594 723 3653 titulos
737 3595 861 3653 admittis
874 3594 986 3667 inanes,

217 3678 283 3735 Stas
296 3677 410 3735 animol
431 3688 461 3733 et
473 3692 576 3751 purum
587 3686 629 3733 est
641 3675 709 3733 vitio
719 3672 781 3747 tibi,
790 3693 878 3751 quum
889 3674 1031 3733 tumidum
1041 3682 1094 3746 est,
1105 3674 1174 3732 cori

217 3756 249 3813 Si
262 3756 326 3832 quis
339 3755 444 3815 lectica
458 3753 578 3812 nitidam
592 3766 705 3831 gestare
719 3764 796 3811 amet
809 3772 923 3830 agnam,

215 3834 296 3892 lluic
309 3846 427 3907 testem,
442 3844 474 3891 ut
488 3844 591 3909 gnata,
604 3844 696 3911 paret,
710 3831 830 3891 ancillas
842 3843 932 3907 paret,
946 3850 1047 3890 aurum
1055 3848 1063 3903 ;
1113 3828 1175 3891 215

218 3913 327 3973 Rusam
342 3924 391 3972 aut
405 3912 690 4050 Rlfflffsspmlet’
704 3911 824 3989 sortique
838 3910 940 3970 marito
