2617 4442
485 333 685 382 CARMINUM
702 334 769 383 LlB.
786 335 834 384 lv,

318 473 420 546 Multa,
434 474 491 551 qud
504 475 598 532 crines
612 477 731 552 religata
744 476 845 553 fulges.

318 553 409 611 Ridet
423 565 540 629 argento
552 555 670 612 domus:
692 575 750 628 aro,
764 555 850 614 castis

319 633 426 690 Vincta
439 633 580 704 verbenis,
595 644 660 691 avet
672 634 818 692 immolato

558 713 692 788 Spargier
706 731 789 788 agno.

320 790 434 846 Cuncta
447 790 563 847 festinat
576 809 689 862 manus,
704 792 762 849 huo
775 801 805 848 et
817 790 887 849 illuo

319 869 467 926 Cursitant
480 869 577 927 mixtae
590 871 687 945 pueris
699 869 816 945 puellae:

320 948 474 1004 Sordidum
488 946 610 1004 flammae
625 948 768 1024 trepidant
781 959 907 1007 rotantes

560 1027 677 1084 Vertioe
691 1028 811 1086 fumum.

319 1105 359 1164 Ut
371 1115 468 1163 tamen
481 1102 562 1162 ndris
575 1105 679 1180 quibus
691 1106 839 1164 advoceris

318 1185 456 1254 Gaudiis3
478 1182 547 1241 Idus
561 1185 612 1242 tibi
626 1196 693 1242 sunt
706 1185 836 1261 agendae,

318 1262 380 1325 Qui
395 1264 456 1321 dies
469 1282 598 1320 mensem
611 1263 734 1320 Veneris
747 1265 865 1322 marinae

556 1341 655 1400 Findit
669 1343 818 1419 Aprilem:

319 1420 390 1478 Jure
403 1421 538 1479 solemnis
551 1421 631 1494 mihi,
646 1423 826 1498 sanctiorque

319 1497 401 1558 Pend
415 1501 502 1558 natali
515 1501 639 1575 proprio,
653 1498 730 1574 quod
743 1520 780 1557 ex
793 1500 853 1557 hee

320 1579 402 1651 Luce
417 1577 563 1636 Maeoenas
577 1596 659 1634 meus
673 1578 821 1635 affluentes

558 1657 682 1713 Ordinot
695 1675 793 1715 annos.
924 1703 938 1711 ..

577 1973 662 2030 ODE
682 1972 738 2032 XI.

548 2110 588 2149 An
602 2112 770 2152 VIRGILIUM.

320 2212 383 2270 Jnn
397 2211 470 2268 veris
484 2211 612 2284 comites,
626 2230 691 2287 quae
705 2230 783 2268 mare
797 2218 966 2286 temperant,

321 2290 479 2367 Impellunt
493 2290 596 2347 enimae
610 2291 700 2346 lintea
713 2289 866 2349 Throoiae:

320 2369 388 2427 Jam
401 2387 457 2426 neo
470 2378 551 2443 prato
564 2369 669 2443 rigent,
683 2386 739 2423 neo
753 2367 831 2423 fluvii
845 2375 974 2442 strepunt

482 2446 613 2502 Hibernd
627 2447 693 2503 nive
707 2446 821 2522 turgidi.

321 2524 351 2583 N
354 2527 433 2584 idum
447 2525 537 2601 ponit,
552 2524 618 2600 Ityn
632 2524 764 2582 flebiliter
776 2543 907 2602 gemens,

320 2605 425 2663 Infelix
439 2605 507 2676 avis,
529 2615 557 2662 et
571 2604 718 2681 Cecropiae
732 2605 834 2662 domus

321 2684 473 2743 AEternum
486 2685 678 2760 opprobrium,
691 2681 769 2759 qudd
782 2682 858 2741 male
872 2681 1006 2742 borbum

478 2763 596 2839 Regum
610 2776 653 2821 est
663 2764 723 2820 ulta
735 2764 878 2821 libidines.

321 2840 431 2900 Dicunt
441 2842 470 2899 in
484 2853 583 2900 tenero
597 2843 727 2919 gramine
740 2843 891 2919 pinguium

322 2921 464 2980 Custodes
477 2922 571 2978 ovium
586 2923 714 2980 earmina
727 2923 832 2994 fistuld,

321 2998 527 3076 Delectantque
542 3003 628 3060 deum
642 3003 690 3060 oni
703 3021 792 3079 pecus
805 3012 835 3059 et
847 3000 922 3078 nigri

413 3093 421 3104 ยน
479 3081 575 3139 Colles
589 3082 723 3138 Aroadiae
737 3082 860 3157 placent.

321 3157 479 3217 Adduxere
493 3161 569 3218 sitim
583 3171 719 3235 ternpore,
730 3160 853 3235 Virgili:

322 3239 381 3296 Sed
395 3257 525 3315 pressum
540 3237 658 3295 Calibus
673 3239 779 3294 ducere
790 3238 927 3294 Liberum

323 3318 354 3375 Si
368 3319 466 3395 gestis,
478 3319 618 3393 juvenum
632 3315 772 3372 nobilium
785 3315 886 3387 eliens,

484 3395 514 3452 N
516 3395 585 3452 ardo
599 3394 666 3451 vina
679 3395 834 3452 merebere.

322 3474 415 3534 Nardi
429 3494 532 3552 parvus
545 3493 620 3548 onyx
633 3473 730 3531 eliciet
744 3475 848 3531 eadum

320 3555 383 3618 Qui
397 3572 476 3612 nuno
491 3554 619 3629 Sulpitiis
633 3555 755 3612 accubat
768 3552 887 3627 horreis,

322 3635 395 3712 Spes
409 3635 515 3691 donare
529 3652 614 3690 novas
627 3634 732 3710 largus,
748 3650 899 3709 amaroque

480 3713 619 3769 Curerum
633 3714 730 3770 eluere
743 3713 853 3770 efficax.

321 3795 370 3852 Ad
384 3811 448 3868 quae
462 3792 486 3848 si
500 3811 631 3867 properas
644 3793 759 3869 gaudia,
773 3810 841 3848 oum
854 3789 906 3848 tud

321 3873 413 3932 Velox
426 3889 522 3929 meroe
536 3872 619 3928 veni:
640 3891 699 3928 non
712 3890 766 3948 ego
780 3880 808 3929 te
828 3870 900 3928 meis
