2617 4442
307 692 355 783 q.
396 691 674 767 HORATII
715 696 958 773 ruaccr

336 978 341 989 ·
392 940 586 1005 CARMEN
608 942 873 1010 SAECULARE.

300 1438 382 1501 ·
417 1432 458 1473 An
472 1433 644 1474 arcensem
658 1436 698 1474 er
711 1436 841 1477 prauam.
863 1430 938 1487 fl

292 1533 485 1613 Prrmsa‚‚silv
517 1554 622 1610 umque
635 1546 737 1626 potens
750 1536 856 1627 Diana,

168 1644 171 1647 ·
291 1613 436 1671 Lucidum
450 1632 494 1671 coe
506 1613 516 1671 i
530 1614 630 1687 decus,
645 1634 664 1673 0
677 1616 792 1673 colendi

292 1694 412 1770 Semper
425 1703 455 1751 et
468 1692 547 1765 culti,
562 1694 626 1751 date
640 1711 704 1769 quae
717 1713 869 1769 precamur

529 1771 673 1848 Tempore
676 1774 780 1849 ,prisco
789 1793 797 1846 ;

289 1851 360 1913 Quo
374 1851 505 1927 Sibyllini
518 1850 658 1910 monuere
671 1872 770 1911 versus

290 1930 425 2007 Virgines
437 1931 526 1989 lectas
539 1949 698 2008 puerosque
712 1943 806 1992 castos

290 2008 354 2083 Dis,
367 2010 470 2086 quibus
483 2021 592 2087 septem
604 2009 740 2087 placuere
750 2014 848 2089 colles,

525 2089 631 2147 Dicere
646 2110 772 2150 carmen.

290 2169 376 2243 Alme
389 2167 448 2241 Sol,
463 2186 549 2227 curru
562 2169 653 2227 nitido
667 2170 744 2227 diem
757 2171 807 2248 qui

202 2248 213 2261 “
290 2248 400 2307 Promis
414 2258 443 2306 et
457 2248 543 2319 celas,
558 2248 688 2323 aliusque
700 2259 730 2307 et
743 2250 820 2308 idem

160 2345 169 2427 ¹:
199 2411 206 2438 Ι
290 2327 438 2400 Nasceris,
452 2326 544 2403 possis
558 2326 628 2383 nihil
643 2328 714 2384 urbe
727 2327 826 2387 Remi

526 2404 628 2462 Visere
641 2404 750 2481 majus!

188 2518 190 2523 ,
260 2487 263 2495 ’
288 2482 360 2544 Rite
375 2494 501 2542 maturos
514 2484 623 2559 aperire
636 2495 735 2560 partus

248 2601 250 2610 ·
287 2564 376 2622 Lenis
390 2563 514 2639 Ilithyia,
528 2574 609 2621 tuere
622 2574 743 2635 matres3

252 2685 254 2694 s
289 2645 355 2702 Sive
368 2655 400 2703 tu
414 2643 526 2701 Lucina
538 2643 641 2719 probas
655 2644 761 2717 vocari,

525 2722 584 2779 Seu
597 2722 746 2782 Genitalis.
934 2797 937 2801 Ἴ

235 2799 248 2865 ,’
288 2801 371 2875 Diva,
384 2802 525 2878 producas
539 2802 675 2875 sobolem,
690 2803 864 2880 Patremque
961 2836 971 2861 ι

222 2927 227 2939 ,
287 2880 438 2958 Prosperes
452 2882 567 2939 decreta
580 2901 665 2959 super
675 2882 811 2959 jugandis
910 2889 923 2929 ⁶

217 2968 221 2988 ²
288 2960 435 3033 Feminis,
449 2960 590 3037 prolisque
603 2980 684 3020 novae
698 2962 786 3021 feraci

522 3040 601 3117 Lege
615 3041 726 3099 marita.

227 3110 240 3141 κ’
287 3117 391 3177 Certus
404 3129 435 3177 ut
448 3119 538 3177 denos
552 3120 649 3178 decies
662 3140 714 3196 per
728 3140 820 3179 annos

287 3198 374 3255 Orbis
387 3209 416 3257 et
429 3210 531 3257 cantus
544 3198 703 3273 reseratque
715 3198 809 3272 ludos,

287 3276 348 3335 Ter
360 3277 407 3336 die
420 3277 507 3350 claro,
518 3276 658 3351 totiesque
671 3277 753 3351 gratu

524 3354 619 3413 Nocte
634 3354 803 3430 frequentes.

285 3435 400 3512 Vosque
414 3454 529 3493 veraces
543 3434 692 3506 cecinisse,
707 3433 815 3508 Parere,

284 3514 374 3578 Quod
388 3514 475 3573 semel
490 3514 599 3571 dictum
612 3524 665 3587 est,
679 3514 842 3591 stabilisque
855 3534 947 3577 rerum

285 3594 439 3653 Terminus
453 3603 554 3665 servet,
569 3593 643 3651 bona
654 3594 714 3670 jam
726 3595 850 3671 peractis

522 3671 541 3728 J
544 3674 641 3749 ungite
656 3673 721 3732 fata.

285 3750 400 3812 Fertilis
414 3752 527 3829 frugum
540 3753 706 3829 pecorisque
721 3753 824 3812 Tellus

286 3832 307 3889 S
328 3832 391 3890 icei
405 3833 492 3890 donet
505 3831 640 3889 Cererem
653 3833 776 3891 comni:

318 3912 423 3969 utriant
438 3911 522 3969 foetus
536 3922 565 3969 et
579 3930 660 3986 aquae
673 3912 803 3970 salubres

363 3991 411 4049 8*
522 3990 561 4048 Et
575 3990 653 4049 Jovis
667 4009 752 4049 aurae.
