2617 4442
516 345 657 398 EPODON
674 345 787 397 LIBER

575 571 661 630 ODE
673 571 729 630 XI.

461 708 501 748 AD
522 709 663 751 bornum
684 710 846 752 ROMANUM·

237 811 366 869 Aurana
377 808 437 886 jam
451 810 551 868 teritur
565 810 646 868 bellis
660 810 791 869 civilibus
806 821 884 885 eus,

278 890 345 948 Suis
357 900 386 948 et
400 890 462 966 ipsa
475 889 572 947 Roma
586 890 693 947 viribus
706 891 780 949 ruit:

235 968 334 1032 Quam
349 986 441 1044 neque
456 968 568 1026 finitimi
583 970 733 1027 valuerunt
746 970 867 1046 perdere
881 967 981 1044 Marsi,

276 1047 401 1106 Minacis
416 1059 464 1106 aut
478 1047 600 1106 Etrusca
614 1049 746 1106 Porsenae
760 1067 872 1122 manus,

238 1128 356 1188 AEmula
369 1147 424 1185 nec
438 1127 525 1185 virtus
540 1127 657 1203 Capua,
672 1148 727 1186 nec
746 1130 900 1205 Spartacus
913 1147 989 1202 acer,
1128 1132 1149 1188 5

276 1207 423 1282 Novisque
436 1207 522 1264 rebus
537 1207 660 1265 infidelis
674 1208 820 1281 Allobrox,

236 1286 302 1345 Nec
317 1287 375 1345 fera
389 1285 513 1343 coeruled
527 1287 637 1345 domuit
650 1288 806 1345 Germania
820 1287 906 1364 pube,

276 1365 502 1441 Parentibusque
517 1367 696 1424 abominatus
710 1367 874 1427 Hannibal:

237 1444 330 1522 Impia
342 1446 497 1522 perdemus
511 1446 604 1504 devoti
618 1447 766 1522 sanguinis
780 1458 858 1519 etas,

277 1525 414 1600 Ferisque
428 1543 525 1581 rursus
539 1526 725 1600 occupabitur
739 1525 840 1582 solum.
1110 1527 1147 1583 10

236 1603 389 1677 Barbarus,
405 1604 478 1660 heu!
500 1604 612 1661 cineres
628 1605 739 1662 insistet
752 1605 851 1677 victor,
866 1612 895 1661 et
909 1602 1016 1662 Urbem

275 1683 371 1759 Eques
385 1693 504 1741 sonante
518 1684 678 1740 verberabit
691 1684 816 1760 ungulis:

235 1762 368 1838 Quaque
382 1774 481 1820 carent
495 1763 585 1820 ventis
600 1775 629 1820 et
642 1764 759 1835 solibus,
773 1782 838 1821 ossa
850 1761 980 1835 Quirini,

276 1840 367 1900 Nefas
381 1843 492 1900 videre!
516 1843 664 1919 dissipabit
677 1844 810 1901 insolens.

236 1918 333 1993 Forte,
347 1922 415 1997 quid
429 1923 569 1998 expediat,
584 1924 785 1996 communiter,
800 1932 850 1980 aut
862 1922 964 1981 melior
976 1939 1053 1999 pars,
1108 1922 1145 1979 15

277 1999 362 2058 Malis
376 2021 472 2059 carere
487 2003 611 2077 quaeritis
625 2003 778 2078 laboribus.

236 2079 324 2138 Nulla
338 2081 374 2137 sit
387 2082 441 2138 hac
455 2083 545 2157 potior
559 2082 717 2140 sententia:
739 2081 926 2139 Phocaeorum

275 2159 363 2218 Velut
375 2160 499 2236 profugit
513 2171 660 2218 exsecrata
673 2161 782 2233 civitas,

238 2239 330 2316 Agros
344 2249 427 2315 atque
442 2240 530 2296 Lares
543 2240 679 2314 proprios,
693 2239 904 2315 habitandaque
918 2237 985 2296 fans

275 2319 362 2395 Apris
376 2317 492 2393 reliquit
504 2329 533 2374 et
546 2319 698 2393 rapacibus
711 2318 802 2393 lupis;
1104 2318 1145 2376 20

235 2395 282 2454 Ire
294 2398 384 2474 pedes
398 2415 567 2472 quocunque
582 2396 685 2468 ferent,
699 2415 870 2472 quocunque
883 2415 934 2474 per
947 2395 1041 2453 undas

274 2476 369 2535 Notus
383 2475 495 2533 vocabit
508 2486 557 2533 aut
570 2486 719 2551 protervus
733 2476 858 2534 Africus.

236 2555 286 2613 Sic
299 2556 414 2631 placetl
436 2575 472 2612 an
487 2552 590 2614 melius
604 2563 668 2630 quis
682 2556 768 2613 habet
781 2556 922 2613 suaderel
942 2554 1071 2613 secundi

274 2635 380 2694 Ratem
394 2653 534 2710 occupare
548 2635 616 2710 quid
630 2654 773 2693 moramur
787 2635 873 2693 alitel

234 2714 294 2772 Sed
305 2714 433 2790 juremus
447 2713 477 2771 in
491 2714 570 2772 haec:
592 2715 712 2772 “Simul
728 2714 792 2772 imis
806 2734 874 2772 saxa
886 2713 1016 2774 rendrint
1103 2713 1143 2772 25

281 2793 372 2852 Vadis
385 2793 486 2865 levata,
501 2812 540 2851 no
552 2794 645 2851 redire
660 2795 697 2852 sit
710 2794 807 2851 nesas:

234 2870 302 2931 Neu
316 2891 452 2930 conversa
465 2874 580 2930 domum
593 2874 691 2950 pigeat
704 2875 773 2931 dare
786 2874 885 2946 lintea,
895 2872 1013 2948 quando

273 2951 368 3010 Padus
382 2950 494 3011 Matina
507 2952 605 3011 laverit
619 2953 771 3010 cacumina
779 2973 787 3023 ;

234 3029 270 3089 Iu
284 3051 361 3090 mare
376 3050 426 3089 seu
440 3032 533 3089 celsus
546 3033 717 3109 procurrerit
731 3032 905 3108 Apenninus
913 3051 921 3102 ;

219 3135 221 3140 ¹
273 3109 411 3186 Novaque
425 3122 551 3170 monstra
561 3113 689 3188 junxerit
702 3111 821 3170 libidine
1103 3107 1144 3167 30

234 3187 326 3248 Mirus
340 3209 427 3262 amor,
438 3190 518 3267 juvet
531 3202 564 3248 ut
578 3191 665 3267 tigres
673 3190 825 3262 subsidere
839 3187 940 3261 cervis,

273 3270 458 3327 Adulteretur
471 3282 500 3326 et
514 3270 647 3328 columba
660 3269 758 3340 miluo,
772 3320 775 3325 .

233 3346 360 3407 Credula
373 3367 428 3407 nec
442 3368 523 3406 ravos
537 3350 657 3406 timeant
671 3356 799 3405 armenta
811 3346 920 3419 leones,

272 3428 416 3505 Ametque
430 3428 504 3486 salsa
517 3427 586 3485 levis
600 3427 698 3485 hircus
712 3427 854 3502 equora.”

232 3504 317 3580 Ilaec,
330 3519 360 3566 et
373 3526 437 3584 quar
451 3517 584 3584 poterunt
597 3507 705 3565 reditus
720 3507 888 3565 abscindere
902 3505 1013 3581 dulces,
1103 3505 1144 3564 35

271 3585 379 3645 Eamus
392 3587 486 3644 omnis
499 3597 646 3644 exsecrata
660 3587 768 3659 civitas,

232 3663 294 3723 Aut
306 3685 371 3742 pars
385 3665 502 3723 indocili
517 3661 616 3724 melior
629 3686 733 3743 grege:
754 3665 847 3725 mollis
860 3675 889 3724 et
902 3681 1005 3743 exspes

272 3743 436 3803 Inominata
449 3746 603 3821 perprimat
615 3746 732 3804 cubilia.

231 3821 302 3896 Vos,
316 3825 419 3900 quibus
433 3836 476 3882 est
489 3825 586 3897 virtus,
601 3825 769 3882 muliebrem
783 3825 871 3884 tollite
884 3824 1006 3899 luctum,

271 3903 395 3962 Etrusca
407 3915 510 3980 praeter
523 3914 553 3963 et
566 3905 657 3963 volate
671 3905 774 3963 littora.
1104 3900 1145 3959 40

430 3984 451 4044 8
