2617 4442
466 321 498 379 Q.
515 319 663 371 HORATII
679 319 805 370 FLACCI

295 466 398 530 Quum
410 464 583 543 promineret
595 482 654 537 ore,
668 459 808 540 quantum
822 461 1025 540 exstanteque
1089 464 1131 525 35

454 545 602 620 Suspenso
614 554 712 601 mento
726 561 859 620 corpora:

296 624 406 684 Exusta
418 619 460 681 uti
474 622 601 682 medulla
613 633 642 680 et
655 622 768 680 aridum
778 622 861 698 jecur

454 702 571 760 Amoris
584 711 661 758 esset
672 701 818 777 poculum,

295 781 485 842 Interminoto
497 799 585 857 quum
600 781 688 838 semel
702 780 766 837 fixae
779 781 846 838 oibo

454 859 787 936 lumbuissentpupulae.
1088 860 1129 919 lo

294 938 365 1000 Non
378 939 503 998 doluisse
516 938 651 996 mosoulae
664 937 793 996 libidinis

454 1018 670 1076 Ariminensem
684 1016 805 1094 Foliam,

296 1097 335 1158 Et
346 1099 438 1158 otiosa
451 1097 572 1155 eredidit
585 1096 732 1173 Neapolis,

454 1176 493 1235 Et
505 1196 592 1235 omne
606 1177 733 1234 vicinum
743 1176 890 1253 oppidum,

295 1256 374 1322 Qum
387 1257 491 1328 sidera,
506 1267 658 1314 excantata
671 1273 741 1315 vooe
755 1254 909 1330 Thessali,
1088 1256 1128 1314 45

455 1335 624 1412 Lunamque
638 1336 711 1393 ooelo
725 1335 837 1411 deripit,

296 1415 358 1475 Hio
371 1414 539 1474 irreseotum
553 1434 628 1472 saeva
641 1414 728 1472 dente
741 1414 829 1472 livido

455 1494 579 1552 Canidia
591 1494 698 1552 rodens
710 1493 853 1569 pollicem,

296 1573 380 1639 Quid
394 1572 484 1631 dixitl
505 1584 554 1631 aut
567 1573 634 1648 quid
649 1573 762 1631 mouitl
783 1577 802 1604 “
811 1572 841 1631 Ο
854 1572 940 1631 rebus
952 1571 1025 1631 meis

455 1651 524 1711 Non
538 1652 669 1710 infideles
683 1652 805 1725 arbitrie,
1085 1653 1127 1711 50

297 1731 367 1792 Nox
378 1741 408 1790 et
421 1730 517 1789 Diana
529 1749 592 1807 quae
606 1731 752 1789 silentium
765 1731 851 1807 regis,

455 1811 575 1869 Arcano
586 1829 676 1886 quum
691 1811 763 1869 fiunt
776 1829 877 1880 soora3

298 1889 398 1964 Nune,
412 1908 492 1948 nuno
505 1890 619 1959 adeste;
641 1908 722 1948 nuno
736 1890 767 1947 in
781 1890 898 1949 hostiles
911 1889 1010 1949 domos

456 1967 532 2026 Iram
546 1978 630 2043 atque
645 1987 754 2026 numen
768 1970 878 2028 vertitu.

297 2047 501 2107 Formidolosae
515 2049 583 2106 dmn
597 2048 689 2106 latent
701 2049 779 2106 silvis
792 2049 869 2122 fers,

456 2126 543 2185 Duloi
557 2146 658 2203 sopore
671 2127 825 2204 languido,

298 2206 415 2281 senem,
429 2207 505 2283 quod
518 2227 619 2266 omnes
632 2207 755 2280 rideant,
769 2207 931 2266 adulterum

455 2285 574 2346 Loueut
588 2287 748 2345 Suburanus
762 2306 859 2360 oanes,

297 2363 399 2426 deo
411 2378 592 2442 perunctum,
607 2367 691 2442 qualo
704 2387 762 2425 non
776 2364 931 2444 perfectius

456 2444 533 2504 Mese
545 2446 702 2504 laborarint
714 2465 825 2503 monus.

296 2523 379 2589 Quid
393 2525 519 2583 sooidill
539 2543 591 2582 cur
604 2525 667 2582 dira
681 2524 807 2581 barbarie
821 2519 919 2584 minus

455 2603 578 2660 Venena
591 2600 706 2660 Medeae
720 2603 824 2675 valent,

296 2681 414 2745 Quibus
427 2700 460 2738 su
498 2681 578 2739 rbem
592 2681 665 2756 fugit
677 2681 736 2739 ulta
749 2681 891 2758 pellicem,

490 2761 557 2837 agni
570 2759 705 2819 Creontis
717 2760 815 2834 filiam,

296 2839 398 2903 Quum
411 2839 495 2916 pallo,
509 2841 577 2898 tabo
590 2858 696 2897 munus
710 2841 862 2913 imbutum,
875 2860 980 2901 novum

455 2917 595 2977 Inoendio
609 2931 728 2997 nuptum
741 2920 878 2979 abstulitl
898 2942 902 2949 ·

297 2997 386 3074 Atqui
400 3015 455 3055 neo
469 2998 558 3056 herba
570 3017 625 3055 neo
636 2999 728 3057 latens
742 3000 773 3056 in
785 3000 892 3077 asperis

455 3076 553 3136 Radix
566 3077 666 3136 fefellit
678 3096 725 3136 me
738 3079 818 3136 loois.

297 3156 438 3217 Indormit
451 3158 547 3216 uuotis
560 3158 689 3216 omnium
704 3158 847 3217 cubilibus

455 3235 606 3297 Oblivione
619 3238 766 3314 pellicum.

296 3316 363 3376 ΑΜ
384 3317 437 3375 ohl
453 3317 561 3375 solutus
575 3318 703 3376 ambulat
715 3317 850 3376 venefico

456 3397 623 3455 Soientioris
637 3397 774 3455 ommino.

296 3470 366 3534 Non
380 3473 500 3546 usitatis,
515 3476 602 3547 Vare,
614 3476 788 3551 potionibus,

456 3551 486 3610 Ο
500 3554 589 3611 multo
602 3553 736 3612 fleturum
750 3555 850 3632 eaput!

297 3632 346 3692 Ad
359 3650 405 3690 me
418 3650 564 3701 recurres3
585 3651 641 3689 neo
654 3644 755 3691 vocatu
767 3653 852 3692 mens
863 3644 913 3692 tus

454 3709 559 3768 Marsis
572 3711 677 3769 redibit
688 3712 815 3771 vocibus.

296 3788 393 3869 Maius
405 3790 521 3868 putabo,
535 3790 628 3867 majus
641 3791 792 3849 infundam
806 3788 857 3851 tibi
940 3845 942 3850 .

456 3869 625 3928 Fastidienti
639 3870 784 3948 poculum.
