2617 4442
576 293 777 344 crnurnnu
793 297 860 359 nra,
877 297 900 347 1.
1207 307 1229 365 5

274 433 388 492 Pallida
402 434 483 494 Mors
494 454 574 514 equo
586 438 681 515 pulsat
731 440 767 499 de
780 460 938 518 pauperum
951 443 1096 521 tabernas,

358 514 529 592 Regumque
542 527 642 575 turres.
724 519 806 578 beate
820 521 911 594 Sexti,

278 592 355 652 Vitae
368 613 479 652 summa
493 595 584 653 brevis
596 617 676 674 spem
689 617 742 656 nos
755 609 831 658 vetat
844 601 981 661 inchoare
994 603 1128 682 longam:
1191 607 1228 665 la

357 672 375 729 J
378 693 423 731 am
437 684 466 731 te
479 686 589 750 premet
602 695 669 750 nox,
684 678 841 756 fabulaque
855 679 970 754 Manes,

278 750 318 810 Et
329 752 431 811 domus
444 755 526 812 exilis
539 754 689 826 Plutonia;
711 755 768 832 qud
783 759 867 817 simul
880 761 996 837 metris,

356 831 385 889 N
387 852 424 891 on
439 852 528 910 regna
540 835 599 893 vini
612 834 733 894 sortiere
746 836 819 896 tulis.

1188 925 1248 994 „J

667 1151 751 1211 ODE
764 1153 801 1213 V.

501 1291 542 1330 An
563 1292 595 1330 Μ.
616 1291 781 1332 Vipsanium
802 1291 965 1335 adamnani.

356 1393 518 1450 Scarnarus
531 1390 620 1450 Vario
633 1390 722 1464 sortis,
736 1401 766 1451 et
776 1393 900 1452 hostiurn

355 1472 465 1543 Victor,
480 1469 597 1528 Maonii
611 1470 747 1528 carminis
760 1472 830 1545 aliti,

353 1551 454 1612 Quam
467 1567 528 1606 rem
542 1567 655 1624 cunque
670 1549 752 1607 ferox
764 1551 885 1608 navibus
898 1562 948 1610 aut
960 1553 1041 1629 equis

515 1625 601 1698 Miles
615 1637 643 1684 te
658 1627 732 1685 duce
745 1630 873 1705 gesserit.

354 1708 426 1780 Nos,
442 1706 580 1783 Agrippa,
592 1725 686 1782 neque
700 1709 761 1765 haec
775 1708 879 1782 dicere,
894 1729 950 1768 nec
961 1731 1077 1790 gravem
1205 1715 1225 1771 5

353 1788 459 1846 Pelidae
473 1787 651 1844 stomachum
665 1787 768 1844 cedere
781 1789 881 1861 nescii,

352 1867 418 1926 Nec
431 1885 532 1926 cursus
546 1866 668 1942 duplicis
681 1885 732 1942 per
744 1886 823 1925 mare
837 1867 960 1944 Ulyssei,

510 1944 575 2002 Nec
589 1964 693 2002 saevam
706 1945 819 2023 Pelopis
833 1947 959 2022 domum,

353 2026 508 2098 Conamur,
522 2035 623 2083 tenues
637 2024 772 2100 grandia:
795 2027 863 2084 dum
876 2029 977 2104 pudor,

352 2104 534 2181 imbellisque
548 2104 616 2179 lyra
631 2103 717 2161 Musa
730 2116 831 2180 potens
844 2117 921 2165 vetat
1187 2110 1225 2169 1⁰

351 2185 464 2243 Laudes
477 2183 585 2261 egregii
599 2183 732 2256 cesaris,
746 2194 775 2241 et
787 2195 860 2258 tuas,

508 2262 603 2338 Culpa
616 2262 746 2320 deterere
759 2263 866 2340 ingeni.

350 2343 427 2406 Quis
441 2341 565 2399 Martem
578 2342 679 2397 tunica
692 2352 801 2398 tectum
815 2343 1000 2403 adamantina

351 2420 449 2499 Digne
464 2419 629 2495 scripserit?
650 2429 700 2476 aut
711 2420 826 2495 pulvere
840 2419 932 2480 Troio

350 2501 475 2578 Nigrum
489 2498 664 2556 Merionen?
684 2509 733 2558 ant
745 2518 799 2575 ope
813 2500 936 2559 Palladis

509 2578 643 2655 Tydiden
658 2579 768 2656 superis
781 2582 899 2657 pareml

577 2847 629 2944 ···¹
645 2895 731 2954 ODE
744 2896 854 2954 VI.-

410 3037 450 3076 An
471 3035 636 3076 MUNA'I'IUM
656 3034 808 3088 cumcun,
829 3035 1039 3078 consanam.

309 3135 496 3226 Imunannrrn
511 3135 679 3270 dspclapam
693 3134 836 3225 Rhodon,
846 3134 1080 3228 aut-Mitylenen,

308 3216 487 3367 llloenia‚¹i¹ldl
499 3214 822 3362 gpeffigrsshlffiffitlt
832 3215 967 3367 Xpidlllirhd
979 3293 1106 3372 Delphos

426 3372 569 3447 Insignes,
584 3380 633 3427 aut
646 3369 789 3427 Thessala
803 3369 923 3448 Tempe.

306 3453 382 3512 Sunt
394 3452 496 3529 quibus
510 3468 599 3506 unum
612 3468 684 3525 opus
697 3460 741 3506 est
755 3450 869 3508 intacta
884 3449 1008 3512 Palladis
1022 3473 1103 3514 arces
1195 3443 1215 3498 5

425 3530 561 3590 Carmine
573 3540 710 3606 perpetuo
723 3529 877 3605 celebrare,
892 3543 921 3590 et
1082 3541 1085 3544 ’

306 3610 438 3688 Undique
452 3611 616 3685 decerptam
630 3609 714 3668 fronti
728 3629 893 3686 praeponere
905 3612 1017 3672 olivam.

426 3689 579 3761 Plurimus,
594 3689 624 3746 in
638 3689 657 3745 J
659 3689 763 3747 uncnis
777 3691 925 3765 honorem,

305 3769 414 3850 Aprum
428 3769 499 3828 dicit
512 3769 591 3845 equis
604 3771 709 3845 Argos,
720 3769 850 3846 ditesque
863 3769 1011 3849 Mycenas.

423 3847 474 3986 Μεί
488 3867 543 3963 pec
556 3861 614 3907 tam
627 3849 741 3926 patiens
751 3847 953 3926 Lacedaemon,
1179 3839 1216 3896 ¹⁰
