2617 4442
514 314 545 371 Q.
563 313 709 362 HORATll
726 312 851 362 FLACCI

341 456 427 520 Rara
440 457 595 515 decurrens
607 455 675 532 lupa
688 454 849 530 Lanuvino,

578 534 716 610 Foetaque
730 535 845 611 vulpes:

344 615 472 692 Rumpat
485 623 514 671 et
528 632 644 689 serpens
658 615 711 672 iter
725 614 896 689 institutum,

344 693 376 752 Si
389 712 441 770 per
453 693 599 768 obliquum
614 693 714 750 similis
727 693 836 770 sagittae

344 772 464 831 Terruit
477 790 606 829 mannos.
630 801 633 806 ·
647 770 712 848 Ego
725 771 773 828 cui
783 771 899 844 timebo,

580 849 720 909 Providus
733 869 850 926 auspex,

345 930 508 1006 Antequam
523 938 630 987 stantes
643 938 752 1006 repetat
761 928 881 1005 paludes

344 1008 482 1068 Imbrium
498 1009 593 1066 divina
607 1008 666 1065 avis
680 1008 890 1081 imminentrim,

344 1088 483 1147 Oscinem
496 1107 612 1146 corvum
625 1106 712 1163 prece
725 1086 869 1146 suscitabo

580 1166 655 1226 Solis
669 1167 705 1224 ab
718 1177 790 1225 ortu.

345 1246 392 1304 Sis
405 1246 473 1304 licet
486 1245 554 1303 felix
566 1245 730 1321 ubicunque
743 1245 843 1319 mavis,

343 1324 383 1383 Et
395 1344 504 1384 memor
516 1324 615 1398 nostri,
625 1324 755 1397 Galatea,
766 1324 860 1383 visast

344 1404 446 1481 Teque
459 1422 515 1462 nec
529 1404 615 1461 laevus
629 1414 705 1463 vetet
717 1404 758 1462 ire
771 1404 863 1480 picus,

579 1482 645 1541 Neo
658 1502 731 1560 vaga
743 1483 852 1541 cornix

345 1561 404 1620 Sed
417 1562 496 1620 vides
509 1572 615 1638 quanto
629 1562 752 1638 trepidet
764 1561 888 1621 tumultu

343 1640 456 1700 Pronus
468 1640 569 1700 Orion.
610 1641 674 1718 Ego
687 1641 755 1718 quid
768 1641 805 1699 sit
818 1651 878 1699 ater

345 1719 463 1780 Hadrire
477 1722 543 1779 novi
556 1720 636 1778 sinus
649 1730 679 1778 et
691 1721 760 1796 quid
771 1720 853 1778 albus

580 1798 687 1857 Peccet
701 1797 798 1876 Iapyx

344 1877 480 1936 Hostium
493 1895 594 1935 uxores
606 1877 744 1953 puerique
757 1896 850 1935 caecos

344 1956 477 2015 Sentiant
489 1967 583 2016 motus
595 1955 713 2014 orientis
726 1955 836 2028 Austri,
850 1965 880 2013 et

344 2035 479 2112 AEquoris
492 2035 567 2113 nigri
581 2033 735 2109 fremitum,
749 2045 778 2093 et
791 2044 946 2094 trementes

579 2114 707 2173 Verbere
720 2108 811 2191 ripas!

345 2194 396 2252 Sic
409 2204 438 2252 et
451 2193 566 2272 Europe
579 2194 695 2252 niveum
710 2195 807 2253 doloso

344 2273 476 2332 Credidit
488 2284 570 2333 tauro
582 2273 667 2347 latus,
681 2285 710 2332 et
724 2284 881 2332 scatentem

343 2353 452 2412 Belluis
464 2364 584 2431 pontum
597 2355 762 2430 mediasque
777 2353 890 2412 fraudes

581 2432 687 2492 Palluit
700 2435 801 2492 audax

344 2511 446 2588 Nuper
458 2511 489 2570 in
502 2512 590 2587 pratis
603 2513 732 2570 studiosa
745 2511 857 2584 florum,
870 2522 901 2570 et

343 2589 455 2647 Debitae
469 2588 612 2664 Nymphis
625 2590 720 2664 opifex
730 2609 853 2661 coronae,

343 2667 438 2728 Nocte
454 2667 588 2725 sublustri
602 2668 675 2725 nihil
689 2678 764 2725 astra
776 2679 879 2743 praeter

580 2746 662 2805 Vidit
677 2757 706 2805 et
719 2748 819 2805 undas.

341 2825 419 2889 Quae
433 2825 516 2884 simul
530 2835 646 2883 centum
661 2827 755 2902 tetigit
767 2837 913 2903 potentem

342 2904 464 2982 Oppidis
477 2904 594 2977 Creten,
609 2904 730 2978 “Pater,
743 2925 761 2964 o
774 2906 907 2965 relictum

344 2983 424 3042 Filiae
439 3003 555 3058 nomen,
568 2984 743 3060 pietasqne‚'’
758 2985 839 3058 dixit,

580 3064 694 3122 “Victa
707 3064 817 3122 surorel

343 3141 447 3202 Undel
467 3138 525 3218 qud
539 3142 624 3202 venil
645 3143 731 3201 Levis
744 3162 803 3202 una
816 3163 891 3202 mors
904 3156 949 3204 est

342 3222 495 3299 virginum
509 3222 608 3298 oulpae.
649 3223 818 3300 vigilansne
831 3225 911 3299 ploro

343 3301 443 3379 Turpe
457 3303 661 3361 commissum?
682 3322 720 3361 an
734 3304 808 3361 vitiis
822 3313 969 3362 carentem

313 3380 315 3384 ’
579 3382 668 3439 Ludit
686 3382 781 3458 imago

341 3458 436 3532 Vana,
451 3478 514 3536 quae
528 3460 610 3535 porti
623 3461 737 3535 fugiens
750 3461 860 3519 ebumi

344 3538 494 3597 Somnium
508 3538 605 3596 ducitl
646 3536 791 3598 Melidsne
806 3539 910 3598 fluctus

343 3615 391 3675 Ire
403 3636 454 3694 per
467 3616 567 3693 longos
581 3616 643 3688 fuit,
658 3636 696 3674 an
709 3630 840 3676 recentes

580 3695 705 3771 Carpere
719 3696 823 3755 floresl

344 3773 377 3832 Si
390 3774 453 3850 quis
466 3772 602 3832 infamem
615 3774 686 3832 mihi
700 3794 780 3833 nunc
790 3777 946 3853 juvencum
977 3819 991 3830 .

343 3853 438 3912 Dedit
451 3852 545 3912 iratae!
567 3853 692 3912 lacerare
708 3856 791 3930 ferro,
804 3866 834 3914 et
