2617 4442
464 360 495 416 Q.
514 358 661 407 HORATII
677 357 803 407 FLAcct

236 506 351 567 Cuncta
365 522 467 562 manus
481 502 577 560 avidas
591 502 703 578 fugient
716 503 847 575 haeredis,
861 505 955 562 amico

452 581 530 644 Quae
545 582 658 639 dederis
671 581 775 640 animo.

234 664 337 728 Quum
351 661 439 720 semel
453 661 603 734 occideris,
617 672 647 718 et
661 662 697 717 de
711 672 739 718 te
753 659 903 736 splendida
916 660 1013 720 Minos

451 739 567 798 Fecerit
580 740 704 812 arbitria,

234 821 314 895 Non,
328 819 484 897 Torquate,
498 839 600 895 genus,
614 838 672 877 non
686 830 715 876 te
729 818 872 892 facundia,
886 838 944 876 non
958 829 986 877 te

454 898 600 957 Restituet
612 899 711 974 pietas.

234 977 251 1038 Ι
254 978 361 1038 nfernis
374 996 469 1054 neque
482 977 560 1036 enim
574 977 700 1034 tenebris
713 976 809 1035 Diana
821 977 961 1054 pudicum

453 1055 569 1114 Liberat
583 1055 789 1132 Hippolytum:

234 1135 301 1196 Nec
313 1135 431 1195 lethea
443 1135 518 1192 valet
530 1133 664 1192 Theseus
678 1135 846 1211 abrumpere
860 1153 926 1193 caro

454 1212 580 1271 Vincula
593 1212 729 1272 Pirithoo.

546 1527 630 1585 ODE
651 1527 721 1586 VII.

504 1666 545 1704 An
560 1665 766 1707 CENSORINUM·

298 1769 455 1827 Dounnnnr
469 1773 581 1842 pateras
594 1777 731 1842 grataque
745 1767 923 1841 commodus,

300 1847 469 1918 Censorius,
483 1847 555 1904 meis
569 1864 625 1903 era
639 1846 799 1919 sodalibus,

297 1927 443 1984 Donarem
457 1925 592 2001 tripodas,
605 1926 722 2002 praemia
736 1925 849 1983 fortium

298 2005 466 2074 Graiorum;
487 2023 580 2079 neque
594 2016 625 2062 tu
638 2005 762 2081 pessima
775 2022 926 2062 munerum

299 2083 412 2156 Ferres,
427 2083 513 2141 divite
526 2103 573 2141 me
587 2084 698 2141 scilicet
711 2083 813 2141 artium

249 2176 251 2180 '
298 2162 383 2225 Quas
397 2173 446 2220 aut
459 2163 626 2220 Parrhasius
640 2162 764 2239 protulit,
780 2172 830 2220 aut
844 2163 972 2239 Scopas;

300 2242 359 2300 Hic
373 2261 450 2314 saxo,
465 2243 578 2318 liquidis
593 2242 639 2300 ille
654 2241 798 2299 coloribus

300 2322 395 2380 Solers
408 2341 487 2379 nunc
501 2322 646 2379 hominem
660 2340 777 2398 ponere,
792 2339 872 2377 nunc
886 2320 988 2378 deum:

300 2401 359 2458 Sed
373 2420 431 2459 non
446 2402 509 2458 haec
523 2400 592 2458 mihi
607 2401 658 2472 vis,
679 2419 735 2456 nec
748 2400 799 2457 tibi
811 2399 910 2457 talium

299 2479 361 2537 Res
374 2489 418 2537 est
430 2490 480 2536 aut
493 2480 605 2535 animus
619 2479 787 2537 deliciarum
801 2497 898 2555 egens.

298 2559 415 2615 Gaudes
429 2557 616 2614 carminibus:
638 2557 767 2613 carmina
780 2575 931 2634 possumus

299 2637 425 2707 Donare,
435 2646 465 2693 et
477 2637 599 2712 pretium
614 2635 710 2692 dicere
724 2637 845 2694 muneri.

299 2714 367 2772 Non
381 2715 472 2772 incisa
487 2715 561 2772 notis
575 2734 715 2772 marmora
728 2717 860 2791 publicis,

299 2794 354 2868 Per
367 2812 430 2869 quae
445 2795 558 2871 spiritus
572 2807 601 2852 et
611 2795 669 2852 rita
681 2795 755 2852 redit
768 2795 851 2852 bonis

299 2873 367 2931 Post
380 2885 499 2931 mortem
514 2875 651 2944 ducibus,
673 2893 731 2931 non
746 2874 855 2931 celeres
869 2873 954 2950 fugae,

298 2952 484 3029 Rejectaeque
498 2951 651 3012 retrorsum
667 2953 840 3010 Hannibalis
852 2953 957 3023 minae3

299 3030 369 3090 Nou
384 3033 519 3090 incendia
534 3033 717 3109 Carthaginis
730 3033 835 3108 impiae,

299 3110 370 3189 Ejus
383 3113 432 3187 qui
446 3113 553 3170 domiti
567 3132 673 3170 nomen
687 3114 723 3170 ab
737 3112 837 3170 Africa
890 3166 893 3170 .

299 3191 441 3249 Lucratus
454 3193 548 3265 rediit,
563 3191 668 3250 claritis
682 3193 811 3249 indicant

300 3269 424 3345 Laudes,
439 3270 524 3347 quarn
540 3272 669 3329 Calabrae
684 3271 826 3328 Pierides:
847 3287 951 3345 neque,

301 3349 333 3406 si
346 3351 453 3408 chartae
466 3352 569 3408 sileant
582 3353 656 3426 quod
672 3351 745 3407 bene
760 3348 872 3421 feceris,

300 3425 467 3486 Mercedem
481 3429 588 3485 tuleris.
619 3429 702 3490 Quid
716 3430 787 3485 foret
801 3427 862 3485 Iliae

300 3503 492 3581 Mavortisque
505 3526 585 3581 puer,
600 3508 624 3563 si
638 3508 817 3565 taciturnitas

300 3584 435 3641 Obstaret
449 3585 556 3640 meritis
571 3586 667 3642 invida
680 3585 820 3644 Romulil

300 3662 437 3739 Ereptum
445 3664 559 3738 Stygiis
573 3663 708 3721 fluctibus
721 3663 846 3722 AEacum

301 3742 401 3800 'Virtus
415 3753 444 3800 et
457 3742 535 3800 favor
549 3753 578 3800 et
590 3743 690 3820 lingua
703 3744 863 3818 potentium

218 3893 220 3897 ι
301 3822 408 3879 Vatum
419 3822 552 3880 divitibus
566 3833 715 3881 consecrat
729 3822 837 3880 insulis
936 3879 939 3883 ,
1040 3843 1045 3848 ·

301 3900 430 3978 Dignum
444 3900 528 3959 laude
542 3900 633 3959 virum
647 3899 734 3959 Musa
747 3911 822 3960 vetat
834 3897 923 3957 morit
