2617 4442
489 370 688 421 ctRM1NUM
705 371 772 420 LlB.
789 372 838 451 ll'.

323 512 405 571 Coelo
417 511 503 570 Musa
516 513 589 572 beat
623 513 675 572 Sic
688 512 767 572 Jovis
780 513 899 574 interest

323 589 465 666 Optatise
485 591 539 649 ulis
553 592 674 668 impiger
687 593 844 652 Hercules:

323 669 440 727 Clarum
483 671 627 745 yndaridse
638 671 718 729 sidus
731 673 768 730 ab
781 672 887 732 infimis

322 746 452 809 Quassus
464 749 589 826 eripiunt
602 751 762 826 aequoribus
775 761 866 809 rates:

323 824 450 886 Ornatus
463 827 545 885 viridi
559 838 687 904 tempora
700 829 835 905 pampino

323 903 409 963 Liber
422 915 487 964 vota
499 905 590 966 bonos
603 907 684 965 ducit
697 907 734 966 ad
747 907 849 966 exitus.

568 1217 653 1276 ODE
673 1218 759 1278 VIII.

564 1355 605 1393 sn
618 1354 759 1396 nomme

322 1455 373 1514 Nn
388 1451 460 1513 fortd
473 1454 574 1512 credas
586 1454 735 1512 interitura
747 1474 820 1530 quse,

323 1531 426 1609 longe
440 1543 590 1590 sonantem
603 1543 688 1588 natus
700 1533 737 1589 ad
750 1533 900 1607 Aufidum,

362 1611 434 1669 Non
448 1607 514 1669 ante
528 1609 658 1686 vulgatas
671 1628 722 1686 per
735 1620 809 1668 artes
919 1654 924 1666 .

402 1689 499 1748 Verba
511 1688 610 1764 loquor
623 1688 760 1746 socianda
773 1689 895 1748 chordis.

323 1767 403 1843 Non,
416 1768 442 1826 si
455 1767 562 1844 priores
575 1765 719 1824 Maeonius
732 1777 811 1826 tenet

323 1849 414 1906 Sedes
427 1846 580 1919 Homerus,
595 1845 756 1903 Pindaricae
768 1846 868 1923 latent,

362 1926 495 2001 Ceaeque,
509 1936 539 1984 ct
551 1925 644 1984 Alcaei
655 1925 794 2000 minaces,

401 2004 612 2079 Stesichorique
624 2023 726 2080 graves
739 2003 901 2064 Camenae:

238 2097 246 2114 ⁸
322 2081 396 2156 Nec,
410 2083 516 2158 siquid
529 2083 598 2141 olim
610 2083 679 2141 lusit
692 2083 858 2159 Anacreon,

322 2160 435 2220 Delevit
448 2172 531 2222 etas:
552 2161 640 2237 spirat
652 2162 748 2222 adhuc
762 2181 850 2236 amor,

362 2241 526 2314 Virumque
539 2238 684 2302 commissi
697 2239 805 2298 calores

403 2318 506 2376 AEoliae
520 2317 624 2373 fidibus
636 2316 749 2392 puelle.

321 2396 391 2455 Non
405 2396 465 2454 sola
477 2404 605 2470 comptos
619 2394 689 2451 arsit
700 2393 821 2453 adulteri

322 2476 437 2548 Crines,
451 2485 480 2533 et
493 2491 595 2532 aurum
609 2471 736 2530 vestibus
749 2473 850 2532 illitum

361 2553 478 2627 Mirata,
491 2552 657 2629 regalesque
670 2551 773 2626 cultus,

399 2632 439 2690 Et
451 2632 580 2705 comites,
594 2631 708 2689 Helene
722 2630 859 2691 Lacena:

321 2712 467 2771 Primusve
481 2710 598 2769 Teucer
611 2711 668 2768 tela
682 2710 813 2786 Cydonio

322 2789 434 2849 Direxit
447 2808 532 2848 arcu:
553 2809 611 2847 non
624 2790 713 2846 semel
727 2788 797 2849 Ilios

360 2869 490 2928 Vexata:
511 2888 570 2926 non
583 2867 721 2944 pugnavit
732 2869 836 2946 ingens

401 2947 573 3005 Idomeneus
587 2947 775 3006 Sthenelusve
789 2948 864 3008 solus

322 3025 454 3085 Dicenda
467 3025 561 3083 Musis
573 3027 686 3101 proelia:
708 3045 766 3085 non
780 3026 859 3086 serox

322 3105 441 3178 Hector,
455 3104 498 3162 vel
513 3124 580 3163 acer
593 3102 763 3181 Deiphobus
776 3124 876 3182 graves

361 3183 483 3260 Excepit
495 3183 570 3241 ictus
583 3202 634 3257 pro
653 3183 768 3257 pudicis

399 3261 578 3337 conjugibus
591 3261 743 3334 puerisque
755 3259 872 3334 primus.

321 3338 428 3399 Vixdre
442 3340 528 3398 fortes
542 3347 607 3394 ante
621 3337 841 3412 Agamemnona

322 3419 425 3477 Multi:
446 3419 496 3475 sed
509 3433 611 3474 omnes
624 3415 842 3489 illacrymabiles

361 3498 515 3572 Urgentur,
529 3493 686 3570 ignotique,
699 3493 786 3570 longia

400 3575 506 3647 Nocte,
521 3583 619 3631 carent
631 3573 698 3649 quia
710 3583 774 3631 vate
788 3592 876 3634 sacro

321 3651 445 3713 Paulism
459 3652 577 3728 sepultae
590 3653 676 3711 distet
689 3652 799 3711 inertie

321 3734 423 3792 Celata
435 3733 531 3790 virtus.
565 3729 634 3789 Non
648 3750 702 3808 ego
715 3742 744 3790 te
757 3732 830 3790 meis

361 3812 476 3870 Chartis
490 3811 653 3869 inornatum
667 3810 768 3884 silebo,

400 3890 493 3949 Totvo
507 3900 572 3948 tuos
583 3889 675 3968 patiar
688 3888 799 3949 labores
