2617 4442
492 329 523 385 Q·
541 325 688 378 nondun
704 325 829 376 rusccl

576 547 662 608 ODE
681 548 739 609 III.

525 686 566 725 An
580 687 789 728 MEGENATEM.

282 791 437 849 Psnsnnss
450 787 519 846 olim
532 787 557 846 si
570 787 634 863 quis
646 788 735 865 impid
748 805 837 845 mauu

402 867 500 928 Seuile
511 877 607 944 guttur
621 867 745 943 fregerit,

282 949 359 1008 Edat
372 946 475 1006 cientis
488 947 587 1006 ullium
600 947 761 1006 nocentius.

401 1025 431 1084 Ο
444 1026 517 1086 durs
529 1044 689 1086 messorum
702 1025 767 1083 iliu!

281 1105 364 1170 Quid
378 1106 434 1163 hoe
448 1105 552 1164 veneni
564 1105 645 1163 sevit
658 1104 688 1162 iu
701 1101 886 1180 praeoordiisd

402 1182 482 1241 Num
497 1184 641 1260 viperinus
654 1186 699 1241 his
711 1201 796 1242 eruor

284 1263 421 1322 Iuoootus
435 1263 530 1320 herbis
543 1281 591 1323 me
604 1262 725 1320 fefellitt
745 1281 782 1320 un
796 1260 887 1319 malus
921 1318 923 1321 .

403 1341 527 1407 Canidia
540 1341 672 1400 tractavit
683 1342 791 1418 depes?

285 1422 325 1482 Ut
338 1422 521 1498 Argonautas
534 1431 634 1497 preter
648 1439 749 1480 omnes
762 1419 919 1478 candidum

405 1498 511 1559 Medea
523 1500 625 1560 mirate
636 1512 682 1559 est
694 1501 809 1572 dueem,

286 1579 390 1657 Ignota
403 1579 492 1637 tauris
505 1579 679 1656 illigaturum
690 1578 769 1655 juga,

405 1658 543 1716 Perunxit
555 1660 611 1716 hoo
624 1657 643 1714 J
644 1676 761 1717 esonem
771 1676 778 1714 :

285 1738 352 1797 Hoo
366 1737 499 1795 delibutis
513 1736 572 1794 ulte
586 1738 668 1796 donis
681 1737 822 1814 pellieem,

405 1816 544 1891 Serpeute
558 1816 631 1892 sugit
643 1817 718 1874 alite.

285 1894 351 1955 Neo
364 1905 460 1952 tantus
473 1913 599 1970 unquam
612 1895 738 1952 siderum
750 1892 857 1952 inaedit
868 1910 954 1970 vapor

405 1972 565 2031 Sitioulosae
579 1973 710 2049 Apuliae3

286 2051 352 2112 Neo
366 2070 471 2110 munus
485 2052 611 2113 humeris
624 2053 751 2112 effienois
763 2051 901 2111 Herculis

406 2129 512 2191 Inursit
526 2129 683 2192 aestuosids.

517 2321 813 2336 m

585 2445 671 2505 ODE
691 2445 744 2505 lv.

584 2581 618 2620 ln
631 2582 752 2621 ΜΕΝΔΜ.

288 2685 381 2744 Luris
394 2692 424 2742 et
437 2681 519 2758 agnis
531 2690 638 2756 quante
650 2676 749 2740 sortitd
762 2681 873 2759 obtigit,

405 2761 521 2819 Teeum
535 2761 606 2818 mihi
619 2760 763 2818 discordia
775 2771 829 2834 est,

287 2840 408 2900 Iberieis
420 2850 534 2916 peruste
547 2839 664 2898 funibus
675 2839 759 2912 latus,

407 2918 447 2978 Et
459 2937 544 2976 utura
557 2919 630 2978 durd
642 2919 789 2994 compede.

268 3027 272 3034 ¹
289 2995 375 3058 Licet
387 2998 527 3074 superbus
541 2998 668 3056 ambules
681 2997 815 3075 pecunie,
906 3047 914 3054 .

406 3076 535 3137 Fortuna
547 3095 606 3136 non
620 3087 712 3135 mutet
724 3095 824 3153 genus

286 3157 426 3231 Videsne,
439 3175 549 3222 ssorum
563 3153 699 3216 metiente
712 3167 741 3215 te
754 3156 828 3216 vium

405 3239 482 3298 Cum
492 3237 538 3296 bis
549 3247 592 3296 ter
605 3237 737 3296 ulnarum
750 3236 828 3313 ogd,

287 3314 327 3376 Ut
339 3336 390 3377 orn
402 3328 492 3376 vertat
504 3319 561 3376 huo
572 3329 601 3376 et
614 3318 672 3375 hue
685 3316 816 3376 euutiurn

368 3465 371 3472 γ
407 3395 567 3454 Liberrima
580 3396 759 3472 indignatio?

290 3473 394 3531 Seetus
408 3472 526 3548 flagellis
541 3474 588 3532 hio
602 3473 852 3548 Triumvirulibus,

407 3550 552 3608 Praeeonis
565 3552 601 3608 sd
616 3552 771 3625 fastidium,

289 3630 363 3689 Aret
376 3627 493 3686 Falerni
506 3629 584 3687 inille
598 3629 679 3686 firndi
690 3630 801 3707 jugera,

407 3706 446 3764 Et
460 3708 584 3783 Appium
598 3709 711 3766 mannis
723 3710 805 3768 terit:

289 3785 488 3862 Sedilibusque
502 3805 623 3863 magnus
636 3787 666 3845 in
679 3788 778 3865 primis
791 3806 889 3864 eques,

408 3865 524 3924 Othone
538 3876 710 3944 contempto,
724 3868 813 3926 sedet
