2617 4442
466 356 497 413 Q.
515 354 661 406 HORATII
678 353 803 403 uunccl

303 497 414 568 *Qualis
426 497 581 574 Lyeambae
595 508 706 575 spretus
719 496 809 555 infido
822 514 923 573 gener,

468 577 528 635 Aut
541 595 607 635 aner
620 577 710 636 hostis
723 575 842 652 Bupalo.

308 656 369 731 An,
382 655 408 714 si
421 655 484 733 quis
498 665 559 713 atro
572 655 660 713 dente
672 674 719 712 me
731 654 873 730 petiverit,

467 733 580 792 Inultus
594 743 626 791 ut
639 733 714 792 flebo
727 734 818 809 pueri

559 1047 645 1107 ODE
664 1046 733 1106 VII.

452 1185 493 1226 nn
513 1185 654 1226 rornnmr
674 1184 836 1226 nonauun.

308 1283 391 1362 Qun,
404 1283 462 1364 qud
476 1285 589 1344 scelesti
603 1285 706 1345 ruitisI
726 1295 776 1344 aut
788 1304 841 1343 eur
851 1285 976 1346 dexteris

412 1407 415 1416 »
470 1365 612 1442 Aptantur
626 1384 710 1423 enses
722 1365 853 1423 eonditiI

309 1445 453 1505 Parumne
467 1445 576 1521 oarnpis
590 1454 674 1520 atque
688 1443 825 1521 Neptuno
838 1463 924 1520 super

468 1521 578 1581 Fusum
591 1534 636 1582 est
648 1523 745 1581 Latini
758 1523 929 1600 sanguinis?

309 1601 379 1662 Non
392 1614 425 1662 ut
437 1602 573 1680 superbas
587 1602 691 1661 invide
702 1601 885 1680 Carthaginis

467 1681 620 1740 Romanus
633 1701 715 1740 arces
727 1691 831 1755 ureret,

310 1760 440 1820 Intactus
454 1771 503 1819 aut
515 1761 671 1819 Britannus
684 1771 717 1819 nt
729 1761 918 1819 descenderet

468 1839 559 1897 Sacri
573 1850 723 1900 catenatus
736 1840 802 1910 vid3

310 1919 370 1978 Sed
383 1929 425 1992 ut,
438 1919 599 1976 seeundum
612 1929 677 1977 vota
690 1918 870 1992 Parthorum,
883 1918 937 1976 sua

459 1996 542 2055 xUrbs
555 1998 619 2056 haec
632 1999 738 2075 periret
751 1998 876 2057 dexteri,

309 2076 413 2153 Neque
426 2075 475 2135 hie
486 2076 561 2152 lupis
574 2097 646 2151 mos,
660 2097 716 2136 nee
729 2078 782 2136 firit
794 2077 936 2151 leonibus,

464 2155 622 2234 Nunquam
636 2157 692 2216 nisi
706 2158 736 2216 in
751 2158 846 2233 dispar
860 2156 935 2215 feria.

311 2233 441 2295 Furorne
454 2254 559 2309 emaus,
573 2256 610 2294 an
624 2237 697 2315 rapit
710 2237 752 2295 vis
766 2236 877 2294 acriorI

469 2316 519 2374 An
532 2317 635 2394 eulpai
656 2335 823 2393 responsum
837 2316 911 2374 date.

311 2393 426 2454 Tacent
434 2415 442 2466 3
463 2406 492 2453 et
504 2415 554 2453 ora
567 2397 655 2473 pallor
669 2397 751 2455 albus
765 2395 865 2468 infinit,

468 2473 639 2550 Mentesque
652 2475 791 2550 perculsae
805 2484 928 2550 stupent.

311 2553 363 2611 Sin
375 2562 433 2610 est:
454 2553 557 2609 acerba
571 2553 628 2610 sata
641 2553 791 2611 Romanos
802 2562 901 2628 agunt,

468 2631 625 2706 Seelusque
640 2632 771 2690 fraterna
785 2632 877 2705 necis,

309 2708 350 2768 Ut
362 2708 537 2774 immerentis
551 2709 631 2768 fluxit
644 2710 675 2768 in
688 2721 793 2769 terram
807 2710 896 2769 Remi

466 2789 556 2846 Sacer
568 2790 720 2867 nepotibus
733 2809 825 2848 eruor.
1099 2791 1142 2852 20

552 3103 638 3164 ODE
656 3105 744 3164 VIII.

514 3244 554 3284 An
575 3244 785 3285 MAECENATEM.

307 3347 443 3410 QUANDO
456 3343 602 3422 repdstum
616 3342 776 3404 caeoubum
790 3345 826 3403 ad
840 3345 926 3404 festas
939 3345 1038 3422 dapes,

465 3424 583 3483 Victore
597 3424 679 3482 laetus
693 3424 817 3497 Caesare,

308 3501 423 3561 Tenum
437 3502 492 3560 sub
504 3502 571 3575 alti,
586 3502 629 3560 sie
642 3502 708 3560 Jovi
721 3517 844 3579 gratum,
860 3504 955 3576 domo,

366 3633 375 3642 .
466 3580 555 3638 Beate
569 3579 726 3654 Maecenas,
741 3583 847 3655 bibam,

309 3659 437 3719 Sonante
450 3659 571 3716 mixtum
585 3658 664 3717 tibiis
677 3679 794 3719 carmen
803 3661 875 3736 lyri,
1121 3660 1143 3718 6

468 3737 536 3796 Huc
549 3737 679 3810 Dorium,
694 3739 749 3798 illis
762 3736 937 3809 Barbarum

308 3816 349 3876 Ut
361 3835 462 3896 nuper,
477 3827 557 3875 aetus
570 3835 659 3894 quum
673 3817 745 3876 fretu
758 3818 924 3896 Neptunius
