2617 4442
511 350 543 407 Q.
561 348 708 399 HORATII
724 347 850 399 mccl

547 568 753 629 EPISTOLA
765 569 807 629 X.

504 709 545 749 in
559 709 678 750 nuscum
690 708 845 749 smsvruu.

220 812 316 873 Unnrs
331 820 484 871 amatorem
499 809 628 869 Fuscum
642 809 750 867 salvere
760 808 895 885 jubemus

221 892 312 951 Ruris
325 902 484 960 amatores;
505 890 562 948 hdo
576 889 606 947 in
620 908 651 947 re
666 888 777 946 sedicet
790 890 851 947 unii

221 968 345 1029 Multdm
360 970 520 1041 dissimiles,
534 970 570 1027 ad
584 979 689 1025 cetera
700 964 777 1044 penti
790 967 913 1042 gemelli.

220 1050 366 1108 Fraternis
379 1048 491 1120 animis,
504 1048 641 1123 quidquid
655 1059 742 1123 negat
754 1048 836 1118 alter,
846 1057 876 1104 et
886 1047 973 1106 alter:

220 1129 385 1187 Annuimus
399 1128 512 1203 puriter,
527 1126 613 1184 vetuli
626 1126 743 1202 notique
757 1126 898 1197 columbi3
1153 1129 1175 1186 5

219 1208 269 1265 Tu
283 1208 381 1265 nidum
397 1225 500 1278 servas,
514 1224 568 1281 ego
581 1205 667 1263 laudo
680 1207 754 1263 ruris
767 1204 873 1263 amoeni

220 1287 320 1359 Rivos,
334 1298 363 1345 et
376 1305 476 1343 musco
489 1284 650 1343 circumlita
663 1304 740 1355 saxa,
755 1302 921 1359 nemusque.

218 1366 301 1427 Quid
314 1366 438 1443 quaerisl
459 1365 532 1436 vivo,
546 1374 574 1421 et
587 1382 686 1439 regno,
700 1363 784 1421 simul
799 1364 852 1421 ista
866 1363 966 1439 reliqui

218 1445 296 1506 Quae
310 1465 359 1503 vos
372 1446 409 1501 ad
423 1445 525 1502 coelum
541 1442 646 1500 effertis
660 1462 774 1500 rumore
788 1444 931 1501 secundo:

219 1524 313 1600 thue
327 1524 481 1582 sacerdotis
494 1522 638 1598 fugitivus,
652 1521 711 1579 liba
723 1540 824 1579 recuso
832 1541 840 1591 ;

219 1604 298 1661 Pane
311 1622 393 1680 egeo,
404 1603 463 1679 jam
477 1602 590 1659 mellitis
603 1601 711 1677 potiore
724 1601 872 1677 placentis.

258 1682 362 1740 Vivere
377 1693 485 1739 naturae
500 1681 524 1738 si
538 1682 740 1739 convenienter
752 1692 872 1756 oportet,

220 1760 420 1835 Ponendaeque
434 1762 518 1819 domo
531 1761 686 1835 quaerenda
698 1771 742 1817 est
755 1779 821 1817 area
833 1756 976 1836 primirm3

220 1839 368 1897 Novistine
383 1840 477 1896 locum
490 1840 627 1915 potiorem
641 1858 707 1896 rure
721 1840 826 1896 beatol

219 1917 272 1975 Est
285 1918 335 1975 ubi
348 1915 412 1993 plds
425 1928 540 1993 tepeant
554 1917 685 1976 biemesl
705 1919 754 1977 ubi
767 1918 872 1994 gratior
885 1937 956 1977 aura
1133 1921 1171 1978 15

219 1997 323 2054 Leniat
336 2008 365 2054 et
379 1996 486 2053 rabiem
501 1996 799 2069 Canis,et1nomenm
814 1998 930 2067 Leonis,

217 2076 318 2137 Quum
334 2076 422 2134 semel
436 2076 547 2152 accepit
560 2077 649 2134 solem
664 2076 832 2136 furibundus
845 2089 961 2135 acutum
972 2077 984 2133 l

218 2154 271 2214 Est
284 2156 333 2213 ubi
346 2156 460 2213 divellat
473 2175 586 2214 somnos
600 2154 696 2214 mimis
710 2156 805 2214 invida
819 2158 910 2214 cural

219 2233 354 2294 Deteriirs
367 2234 483 2311 Libycis
493 2235 550 2293 olet
564 2248 613 2293 aut
626 2235 699 2293 nitet
711 2236 800 2293 herba
812 2236 937 2312 lapillisl

218 2315 319 2374 Purior
334 2316 364 2373 in
378 2315 447 2373 vicis
462 2335 534 2392 aqua
544 2314 636 2372 tendit
648 2334 780 2391 rumpere
793 2315 951 2391 plumbum,
1128 2315 1170 2373 20

217 2392 318 2456 Quam
332 2414 394 2471 quaa
407 2415 458 2471 per
471 2414 592 2471 pronum
606 2394 727 2470 trepidat
737 2414 803 2451 cum
816 2414 962 2451 murmure
976 2394 1088 2452 rivuml

218 2474 331 2551 Nempe
346 2475 419 2532 inter
432 2474 524 2531 varias
538 2474 662 2532 nutritur
675 2474 745 2531 silva
758 2474 915 2545 columnas,

217 2553 418 2629 Laudaturque
432 2553 533 2609 domus
544 2553 643 2629 longos
657 2571 720 2629 quae
733 2552 868 2629 prospicit
879 2572 969 2629 agros

217 2631 358 2689 Naturam
369 2631 493 2707 expelles
507 2631 598 2703 sured,
612 2642 709 2689 tamen
723 2651 811 2707 usque
825 2644 961 2705 recurret,

217 2709 255 2767 Et
268 2710 343 2767 mala
354 2721 517 2787 perrumpet
531 2711 626 2769 furtim
641 2711 754 2769 fastidia
767 2711 875 2769 victrix.
1125 2712 1167 2769 25

256 2788 336 2861 Non,
349 2789 398 2865 qui
412 2789 532 2848 Sidonio
545 2792 718 2849 contendere
732 2791 852 2849 callidus
865 2800 941 2848 ostro

216 2867 318 2925 Nescit
332 2868 505 2944 Aquinatem
518 2870 645 2945 potantia
658 2870 762 2928 vellera
774 2870 882 2941 fucum,

215 2946 330 3005 Certius
340 2948 461 3023 accipiet
474 2948 611 3006 damnum
621 2949 774 3025 propiusve
787 2948 928 3021 medullis,

214 3024 314 3088 Quam
328 3027 377 3104 qui
391 3046 448 3085 non
461 3028 564 3104 poterit
577 3046 644 3086 vero
654 3029 830 3105 distinguere
844 3028 954 3085 falsum.

214 3104 313 3167 Quem
327 3126 372 3165 res
385 3104 449 3183 plius
462 3107 551 3166 nimio
564 3106 743 3167 delectavere
753 3108 899 3181 secundae,
1128 3108 1169 3165 30

215 3186 334 3245 Mutatae
348 3188 484 3264 quatient.
526 3188 558 3246 Si
571 3187 640 3263 quid
653 3189 803 3260 mirabere,
818 3206 908 3263 pones

215 3265 333 3324 Invitus.
375 3266 457 3344 Fuge
470 3286 588 3344 magna;
610 3268 742 3325 licetsub
754 3286 879 3343 paupere
892 3276 968 3323 tecto

215 3344 314 3421 Reges
327 3355 356 3402 et
369 3365 469 3422 regum
483 3348 540 3404 vita
553 3366 726 3423 precurrere
740 3345 856 3403 amicos.

253 3423 363 3480 Cervus
376 3443 480 3498 equum
494 3426 592 3501 pugni
606 3426 704 3484 melior
718 3425 918 3483 communibus
931 3421 1027 3480 herbis

213 3501 351 3574 Pellebat,
365 3502 457 3559 donec
471 3503 563 3561 minor
577 3504 606 3561 in
621 3506 777 3565 certamine
788 3505 874 3580 longo
1126 3502 1167 3559 35

214 3578 376 3655 imploravit
388 3599 457 3657 opes
470 3582 604 3655 bominis,
616 3582 793 3661 frenumque
807 3581 933 3658 recepit:

214 3658 283 3730 Sed,
296 3669 444 3734 postquam
458 3659 546 3718 victor
560 3661 668 3719 violens
681 3663 812 3721 discessit
825 3662 862 3719 ab
875 3662 966 3731 hoste,

214 3737 282 3795 Non
296 3738 419 3813 equitem
433 3738 526 3811 dorso,
540 3759 597 3797 non
612 3740 732 3798 fraenum
746 3741 856 3818 depulit
868 3759 925 3798 ore.

214 3817 264 3873 Sic
277 3817 335 3892 qui,
349 3818 513 3893 pauperiem
527 3820 641 3891 veritus,
655 3821 763 3896 potiore
777 3818 900 3877 metallis

212 3894 357 3953 Libertate
371 3906 458 3971 caret,
472 3897 619 3955 dominum
635 3900 718 3957 vehet
732 3898 887 3975 improbus,
901 3906 987 3972 atque
1125 3896 1166 3955 40
