2617 4442
490 404 698 456 SATIRARUM
715 408 781 456 LlB.
800 409 821 457 1.
838 411 863 458 7.
1109 409 1167 469 107

204 552 275 611 Vita
288 549 443 609 solutorum
459 524 563 607 miseri
577 551 734 610 ambitione
747 552 903 630 gravique:

204 631 262 689 His
276 650 322 688 me
336 629 476 700 consolor,
491 629 618 688 victurus
632 631 748 689 suavius
763 633 835 690 acsi
1108 631 1167 689 130

203 710 341 774 Questor
355 727 424 765 avus
437 718 517 784 pater
532 719 615 785 atque
629 730 712 769 meus
725 723 899 789 patruusque
914 710 1045 769 fuissent.

539 1066 699 1125 SATIRA
723 1067 794 1128 VII.

207 1188 390 1246 Pnoscamm
404 1186 497 1262 Regis
510 1185 613 1263 Rupili
626 1206 681 1263 pus
695 1198 778 1263 atque
793 1208 936 1248 venenum

204 1267 307 1343 ibrida
319 1285 375 1342 quo
388 1277 472 1343 paeto
485 1266 522 1324 sit
535 1266 650 1324 Persius
664 1268 750 1340 ultus,
765 1269 865 1345 opinor

206 1346 351 1405 Omnibus
364 1357 394 1403 et
406 1346 490 1422 lippis
504 1356 602 1403 notum
616 1357 646 1404 et
660 1348 820 1404 tonsoribus
834 1368 906 1406 esse.

208 1426 324 1484 Persius
337 1425 385 1482 hic
398 1443 554 1502 permagna
567 1426 683 1501 negotia
696 1426 775 1484 dives
789 1425 913 1486 habebat

208 1506 402 1577 Clazomenis,
417 1504 503 1562 etiam
517 1504 580 1561 lites
594 1523 662 1560 cum
676 1505 760 1580 Rege
774 1506 924 1574 molestas3
1142 1507 1165 1565 5

208 1586 306 1643 Durus
319 1585 414 1656 homo,
429 1594 513 1658 atque
526 1583 592 1641 odio
605 1584 654 1658 qui
668 1596 763 1679 posset
776 1586 891 1643 vincere
905 1585 1037 1662 Regem3

208 1664 374 1734 Confidens,
388 1663 571 1737 tumidusque
583 1682 590 1732 ;
612 1663 686 1720 adeo
701 1664 839 1721 sermonis
853 1664 951 1737 mnari,

209 1744 355 1815 Sisennae,
370 1742 472 1800 Barros
484 1752 516 1799 ut
528 1742 609 1816 equis
622 1754 810 1818 praecurreret
823 1744 903 1801 albis.

247 1823 296 1879 Ad
311 1822 424 1897 Regem
438 1822 533 1879 redeo.
568 1820 722 1896 Postquam
738 1822 808 1880 nihil
823 1823 896 1881 inter
910 1834 1063 1900 utrumque

208 1901 351 1960 Convenit
366 1900 435 1978 (hoo
449 1901 556 1959 etenim
570 1910 637 1956 sunt
650 1919 750 1957 omues
761 1901 824 1977 jure
836 1903 957 1976 molesti,
1125 1904 1163 1961 10

205 1980 277 2043 Quo
292 1980 386 2052 sortes,
399 1980 502 2055 quibus
516 1980 665 2037 adversum
678 1979 783 2037 bellum
796 1981 917 2040 incidit:
937 1983 1013 2041 inter

207 2060 336 2118 Hectora
349 2059 513 2117 Priamiden
527 2059 687 2116 animosum
702 2070 785 2134 atque
799 2061 873 2119 inter
888 2061 1034 2120 Achillem

208 2140 256 2197 Ira
270 2139 323 2197 fuit
337 2138 476 2215 capitalis,
490 2149 522 2195 ut
535 2138 635 2195 ultima
650 2138 789 2195 divideret
801 2159 893 2209 mors;

207 2219 277 2277 Non
291 2218 376 2277 aliam
389 2218 427 2276 ob
440 2236 569 2289 eausam,
583 2216 640 2273 nisi
652 2214 731 2291 qudd
745 2218 832 2275 virtus
847 2218 877 2275 in
891 2231 1011 2296 utroque

208 2300 328 2356 Summa
341 2298 402 2355 fuit.
437 2295 503 2353 Duo
517 2296 541 2353 si
555 2296 698 2353 discordia
711 2307 794 2354 vexet
807 2296 923 2368 inertes,
1008 2351 1011 2356 Δ
1124 2301 1162 2359 15

208 2380 269 2437 Aut
282 2377 306 2435 si
320 2376 481 2452 disparibus
495 2374 600 2432 bellum
615 2374 734 2446 ineidat,
745 2385 777 2430 ut
790 2373 925 2433 Diomedi

208 2457 284 2514 Cum
298 2456 390 2532 Lycio
404 2454 533 2522 Glaueo;
555 2454 686 2510 discedet
698 2454 814 2529 pigrior,
829 2453 904 2512 ultro

207 2534 379 2594 Muneribus
394 2533 501 2611 missis)
518 2532 606 2599 Bruto
620 2543 740 2609 praetore
754 2543 870 2591 tenente

207 2615 305 2673 Ditem
320 2614 431 2684 Asiam,
446 2611 548 2688 Rupili
562 2624 591 2670 et
604 2610 686 2669 Persi
699 2632 749 2688 par
762 2623 880 2689 pugnat,
895 2616 936 2672 uti
950 2633 1008 2673 non

208 2694 389 2770 compositus
403 2690 505 2749 melids
520 2710 587 2750 cum
601 2691 686 2750 Bitho
700 2692 844 2751 Bacchius
852 2713 860 2763 ;
881 2694 911 2751 in
922 2694 970 2771 jus
1121 2694 1162 2754 20

207 2776 300 2832 Actes
313 2782 492 2849 procurrunt,
506 2790 643 2848 magnum
658 2771 851 2848 spectaculum
866 2784 992 2851 uterque.

246 2852 361 2910 Persius
375 2851 490 2927 exponit
503 2869 628 2924 causam,
644 2851 752 2908 ridetur
765 2852 802 2909 ab
815 2853 892 2910 omni

207 2932 378 3000 Conventu3
401 2930 499 2987 laudat
513 2931 643 3002 Brutum,
658 2930 810 3006 laudatque
824 2932 987 3003 eohortem

208 3011 304 3069 Solem
319 3010 398 3069 Asiae
413 3010 532 3066 Brutum
547 3009 684 3086 appellat;
708 3010 859 3085 stellasque
874 3012 1002 3069 salubres

207 3090 344 3168 Appellat
356 3089 485 3160 comites,
499 3099 619 3164 excepto
633 3089 734 3164 Rege;
756 3088 867 3147 Canem
882 3089 973 3163 illum,
1120 3091 1161 3149 25

207 3170 336 3228 Invisum
347 3169 478 3245 agricolis
492 3168 580 3238 sidus,
595 3168 723 3224 venisse:
745 3167 854 3239 ruebat,

207 3250 330 3307 Flumen
344 3258 376 3304 ut
389 3247 540 3304 hibernum
555 3246 642 3303 sertur
656 3242 713 3320 qud
728 3264 791 3301 rara
804 3246 921 3303 securis.

250 3326 329 3385 Tum
343 3325 536 3384 Praenestinus
550 3324 623 3381 salso
637 3321 815 3398 multumque
829 3323 929 3382 fluenti

207 3406 349 3484 Expressa
363 3406 477 3462 arbusto
489 3404 594 3479 regerit
608 3403 739 3461 convicia
747 3422 754 3472 ;
776 3403 864 3460 durus

207 3486 404 3544 vindemiator
418 3495 448 3541 et
461 3483 594 3553 invictus,
608 3482 655 3539 cui
670 3479 746 3558 soepd
761 3482 850 3541 viator

206 3565 358 3635 Cessisset,
373 3563 478 3639 magni
489 3561 663 3636 compellans
674 3581 744 3619 voce
758 3563 902 3621 cuculum.

247 3644 289 3701 At
302 3643 431 3713 Graecus,
445 3652 593 3717 postquam
608 3652 651 3699 est
666 3641 739 3699 Italo
751 3642 883 3717 perfusus
897 3652 990 3716 aceto,

207 3722 323 3782 Persius
338 3721 495 3779 exclamat.·
518 3725 535 3751 “
552 3719 607 3777 Per
619 3739 750 3795 magnos,
764 3720 862 3794 Brute,
876 3723 945 3781 deos
959 3733 989 3781 te

205 3802 277 3875 Oro,
290 3800 339 3877 qui
353 3819 436 3876 reges
449 3796 598 3857 consudris
611 3800 720 3871 tollere,
735 3819 786 3857 eur
797 3820 856 3858 non

206 3882 297 3940 Hune
318 3880 433 3956 Regem
452 3878 585 3955 jugulasl
612 3898 730 3957 operum
752 3880 818 3951 hoc,
840 3880 1027 3954 mihicrede,
1047 3890 1159 3941 tuorum

246 3961 318 4019 est.'’
1122 3963 1161 4018 35
