2617 4442
164 371 221 431 132
490 365 521 421 o
539 363 686 413 nostru
702 360 827 411 rmccr

200 514 263 571 Aut
276 510 414 587 apotheca
427 507 521 586 procis
534 507 643 565 intacta
655 516 709 580 est,
723 515 773 565 aut
784 522 891 581 pecus:
912 502 990 580 atqui

199 590 239 649 Et
251 609 353 668 genus,
367 599 396 647 et
408 589 506 662 virtus,
520 587 575 645 uisi
589 605 658 645 cum
670 605 713 659 re,
725 585 805 644 vilior
819 583 885 661 algtl
894 594 947 643 est

588 754 721 789 russatus.

200 839 328 902 Quando
340 838 515 915 pauperiem,
526 836 620 895 missis
630 834 807 912 ambagibus,
821 834 930 906 horres,

200 918 312 995 Accipe
325 917 382 994 qut
395 918 503 975 ratione
516 934 605 991 queas
617 916 766 973 ditescere.
807 911 927 970 Turdus
1117 916 1156 974 lt)

201 997 269 1055 Sive
283 997 361 1054 aliud
374 996 486 1071 privum
500 994 612 1053 dabitur
625 995 694 1064 tibi;
715 992 826 1051 devolet
839 991 909 1049 illuc

201 1076 263 1133 Res
277 1076 326 1133 ubi
339 1094 444 1152 magna
457 1074 539 1146 nitet,
554 1073 670 1131 domino
683 1091 766 1142 sene;
788 1070 885 1128 dulcia
897 1089 992 1146 poma,

200 1154 240 1213 Et
252 1172 434 1230 quoscunque
449 1153 519 1211 seret
532 1153 626 1209 cultus
639 1152 691 1209 tibi
706 1152 811 1209 limdus
825 1151 958 1224 honores,

200 1234 279 1291 Anto
293 1233 396 1290 Larem
410 1242 505 1309 gustet
518 1230 706 1289 venerabilior
718 1231 792 1288 Lare
806 1230 904 1287 dives:

199 1312 261 1375 Qui
274 1312 402 1388 quamvis
414 1310 544 1388 perjurus
557 1310 620 1383 erit,
635 1310 697 1367 sine
710 1324 807 1385 gente,
821 1317 960 1366 cruentus
1116 1311 1155 1367 15

201 1390 349 1468 Sanguine
363 1389 496 1463 fraterno,
510 1389 665 1466 fugitivus3
686 1408 724 1445 ne
737 1400 834 1446 tamen
848 1388 889 1445 illi

200 1468 251 1528 Tu
264 1489 361 1529 comes
374 1469 507 1542 exterior,
521 1470 545 1526 si
558 1469 691 1545 postulet,
705 1468 747 1525 ire
759 1484 883 1525 recuses.

596 1636 715 1671 cussus.

200 1726 277 1785 Utnc
290 1736 385 1802 tegam
399 1744 501 1802 spurco
514 1723 615 1783 Damae
628 1723 723 1783 latusl
743 1725 820 1782 haud
833 1723 873 1781 ita
886 1720 982 1799 'I'rojae

200 1804 252 1864 Me
265 1804 353 1882 gessi,
366 1817 479 1863 certans
492 1821 604 1881 semper
616 1804 789 1863 melioribus

591 1951 725 1987 ultumum.

833 2040 914 2141 Ergo

199 2117 312 2195 Pauper
323 2115 391 2176 eris

596 2267 715 2303 uttam.

437 2352 552 2413 Fortem
567 2355 622 2413 hcc
635 2354 764 2413 animum
777 2354 897 2413 tolerare
908 2355 1032 2432 jubebo:
1112 2354 1154 2413 2⁰

200 2430 239 2489 Et
252 2433 394 2507 quondam
408 2433 515 2511 majora
528 2433 588 2491 tuli.
629 2433 680 2491 Tu
692 2444 838 2511 protenus,
852 2436 930 2494 unde

200 2510 323 2569 Divitias
338 2512 456 2588 aerisque
471 2531 562 2586 ruam,
576 2512 633 2587 dic,
648 2532 749 2591 augur,
763 2530 887 2573 acervos.

591 2661 724 2695 utnustss.

200 2745 268 2803 Dixi
281 2745 424 2821 equidem,
437 2757 467 2803 et
480 2746 553 2806 dico.
595 2746 702 2824 captes
715 2757 825 2806 astutus
839 2748 944 2824 ubique

200 2823 389 2882 Testamenta
402 2844 502 2882 senum
515 2845 521 2882 z
543 2845 610 2898 neu,
625 2826 649 2883 si
663 2828 740 2885 vafer
750 2846 826 2885 unus
839 2838 868 2885 et
881 2828 951 2885 alter

200 2902 399 2963 Insidiatorem
413 2922 535 2980 praeroso
549 2906 660 2982 frigeret
673 2909 768 2980 hamo,
1110 2905 1151 2965 25

199 2983 261 3040 Aut
274 3000 353 3057 spem
367 2982 501 3059 deponas,
516 2994 565 3041 aut
579 2996 667 3042 artem
681 2986 781 3043 illusus
793 2984 915 3044 omittas.

200 3059 309 3137 Magna
321 3060 448 3119 minorve
458 3063 518 3121 foro
533 3063 557 3120 si
568 3082 613 3120 res
626 3066 781 3123 certabitur
793 3065 872 3138 olim,

190 3140 285 3197 *vivet
298 3149 359 3197 uter
372 3141 497 3218 locuples
511 3142 689 3219 sinegundis,
703 3144 847 3220 improbus
861 3144 935 3202 ultro

198 3218 260 3281 Qui
274 3219 420 3278 meliorem
434 3222 529 3280 audax
542 3231 624 3280 vocet
637 3222 667 3280 in
678 3223 725 3300 jus
733 3244 741 3293 ;
762 3223 838 3280 illius
851 3234 913 3281 esto
984 3280 987 3284 .

199 3297 354 3357 Defensor:
376 3300 451 3357 lama
465 3302 555 3359 civem
575 3302 717 3378 causaque
731 3302 854 3378 priorem
1110 3300 1151 3357 30

200 3377 319 3453 Sperne,
331 3379 407 3436 domi
421 3380 444 3435 si
458 3392 561 3456 gnatus
574 3382 628 3438 erit
641 3382 808 3438 foecundave
822 3381 935 3457 conjux.

120 3456 127 3475 “
199 3459 218 3486 “
227 3455 367 3527 Quinte,”
382 3468 459 3532 puta,
474 3470 523 3516 aut
536 3463 554 3488 “
564 3457 677 3532 Publi,''
695 3458 835 3536 (gaudent
847 3457 1022 3534 prenomine
1036 3455 1136 3515 molles

199 3534 370 3613 Auriculae,)
387 3540 404 3565 “
420 3536 471 3592 tibi
485 3555 531 3593 me
545 3535 633 3593 virtus
646 3549 696 3595 tua
710 3539 778 3597 lecit
791 3539 935 3596 amicum:

199 3611 217 3668 J
220 3631 252 3668 us
266 3631 372 3688 anceps
386 3614 460 3685 novi,
476 3632 576 3670 causas
590 3616 743 3674 defendere
756 3635 886 3693 possum:

198 3690 309 3767 Eripiet
321 3690 411 3767 quivis
424 3693 521 3749 oculos
535 3692 619 3751 citiris
633 3694 713 3767 mihi,
728 3694 814 3771 qudm
828 3707 856 3753 te
1110 3694 1152 3751 35

198 3769 400 3846 Contemptum
415 3772 496 3828 cassd
510 3790 585 3829 nuce
598 3785 748 3848 pauperet:
769 3775 832 3832 haec
845 3793 911 3831 mea
921 3792 990 3831 cura
1002 3782 1055 3845 est,

109 3890 111 3895 .
198 3846 246 3904 Ne
259 3848 328 3921 quid
341 3860 372 3905 tu
382 3850 493 3924 perdas,
508 3869 565 3907 neu
579 3852 618 3907 sis
628 3852 739 3927 jocus.”
780 3852 828 3909 Ire
842 3854 959 3911 domum
973 3862 1057 3926 atque

198 3924 365 3985 Pelliculam
380 3946 479 3985 curare
489 3928 575 4005 jube:
597 3929 759 4007 fioognitor
772 3931 841 4007 ipse.
