2617 4442
476 340 507 396 Q.
526 339 672 389 HORATII
689 341 813 390 FLACCI

307 487 375 546 Nou
388 482 542 541 verberatae
556 483 697 559 grandine
711 483 818 553 vineae3

306 563 461 622 Fundusve
475 563 710 634 mendax,arb0re
724 582 802 620 nune
817 581 905 640 aquas

345 640 498 718 Culpante,
512 660 592 699 nune
605 641 742 699 torrentia
755 661 839 718 agros

384 721 495 793 Sidera,
510 734 589 777 nune
602 720 711 780 hiemes
725 720 844 796 iniquas.

305 798 462 856 Contraeta
475 799 569 874 pisces
583 791 696 873 aequora'
709 800 845 870 sentiunt,

305 876 324 935 J
326 879 397 935 actis
410 878 441 935 in
455 877 544 935 altum
558 879 698 935 molibus:
719 878 777 935 hue
791 878 924 953 frequens

345 957 495 1015 Caementa
509 957 631 1014 demittit
644 957 806 1033 redemptor

384 1035 460 1092 Cum
475 1035 597 1108 famulis,
609 1036 798 1110 dominusque
811 1046 894 1094 terre

305 1113 499 1172 Fastidiosus:
522 1116 572 1171 sed
587 1115 689 1172 Timor
702 1124 731 1172 et
745 1114 834 1172 Minae

306 1194 456 1250 Scandunt
469 1190 572 1250 eddem
587 1191 642 1268 qud
658 1194 791 1251 dominus
800 1213 808 1264 ;
829 1211 923 1269 neque

345 1270 470 1330 Deeedit
483 1273 570 1330 eraut
583 1273 702 1345 triremi,
716 1283 746 1330 et

384 1351 452 1408 Post
462 1352 587 1427 equitem
601 1353 682 1409 sedet
695 1362 756 1409 atra
769 1351 855 1409 Cura

304 1425 395 1491 Qudd
409 1429 433 1486 si
447 1431 590 1487 dolentem
604 1450 660 1487 nee
673 1431 814 1506 Phrygius
827 1430 908 1506 lapis,

305 1507 371 1566 Nee
383 1527 572 1585 purpurarum
586 1510 679 1566 sidere
694 1509 795 1568 clarior

345 1585 462 1645 Delenit
475 1607 553 1660 usus,
568 1607 623 1646 nee
636 1587 760 1645 Falerna

384 1666 469 1737 Vitis,
484 1668 741 1724 Aehaemeniumve
754 1678 882 1739 eostum3

305 1743 366 1801 Gur
379 1743 540 1801 invidendis
552 1747 681 1820 postibus
695 1757 724 1802 et
737 1765 811 1804 novo

306 1822 435 1880 Sublime
449 1822 504 1879 ritu
518 1823 617 1880 moliar
632 1823 755 1880 atrium?

345 1901 405 1958 Cur
419 1901 491 1957 valle
504 1912 663 1976 permutem
678 1902 787 1959 Sabina

384 1977 504 2037 Divitias
517 1980 713 2056 operosiorest

571 2396 656 2456 ODE
677 2396 718 2456 II.

304 2537 478 2594 Anausrarr
492 2533 585 2590 amice
599 2533 765 2608 pauperiem
778 2535 838 2609 pati

303 2613 452 2672 Robustus
466 2612 525 2670 aeri
539 2611 641 2668 militia
654 2630 725 2687 puer

343 2691 520 2761 Condiseat3
541 2701 570 2747 et
584 2690 703 2748 Parthos
718 2689 828 2748 feroces

383 2770 476 2826 Vexet
488 2788 575 2844 eques
589 2769 761 2826 metuendus
776 2769 874 2826 hasta:

304 2849 456 2924 vitamque
471 2849 524 2903 sub
538 2848 603 2905 divo
616 2859 645 2905 et
659 2847 777 2924 trepidis
791 2859 857 2925 agat

302 2926 339 2986 In
353 2926 446 2984 rebus.
481 2925 567 2983 Illum
581 2946 617 2983 ex
631 2927 774 2983 moenibus
788 2927 906 2985 hosticis

270 3028 272 3036 ’
343 3005 478 3063 Matrona
491 3006 622 3062 bellantis
635 3006 747 3080 tyranni

382 3085 574 3162 Prospiciens,
588 3095 617 3142 et
631 3084 728 3141 adulta
742 3085 830 3161 virgo,

304 3164 450 3242 Suspirat:
472 3163 597 3221 “Eheu!
619 3183 658 3220 ne
671 3163 750 3220 rudis
764 3164 912 3240 agminum

304 3244 433 3322 Sponsus
446 3243 570 3301 lacessat
584 3243 679 3319 regius
693 3261 825 3321 asperum

344 3323 441 3381 Taetu
455 3324 578 3396 leonem,
592 3341 678 3399 quem
692 3333 811 3381 eruenta

382 3401 438 3458 Per
451 3403 561 3458 medias
574 3402 647 3477 rapit
661 3402 703 3458 ira
716 3402 840 3459 eaedes.”

303 3478 398 3537 Dulce
412 3489 441 3537 et
455 3481 591 3536 decorum
604 3490 648 3537 est
661 3499 712 3554 pro
725 3481 817 3556 patria
830 3479 919 3538 mori:

304 3557 385 3618 Mors
398 3568 428 3616 et
442 3557 573 3633 fugacem
588 3559 766 3633 persequitur
779 3559 881 3632 virum,

343 3637 409 3695 Nee
422 3637 514 3713 paruit
527 3636 650 3693 imbellis
661 3636 786 3711 juventae

383 3717 543 3792 Poplitibus
553 3715 687 3772 timidove
702 3727 789 3791 tergo.

303 3796 412 3867 Virtus,
427 3796 546 3870 repulsae
560 3794 659 3851 nescia
673 3796 803 3870 sordidae,

304 3875 486 3934 Iutaminatis
501 3875 590 3951 firlget
604 3875 774 3933 honoribus:
