<?xml version="1.0" encoding="UTF-8"?>
<!DOCTYPE html PUBLIC "-//W3C//DTD XHTML 1.0 Transitional//EN"
    "http://www.w3.org/TR/xhtml1/DTD/xhtml1-transitional.dtd">
<html xmlns="http://www.w3.org/1999/xhtml" xml:lang="en" lang="en">
 <head>
  <title>
</title>
<meta http-equiv="Content-Type" content="text/html;charset=utf-8" />
  <meta name='ocr-system' content='tesseract 3.04.00' />
  <meta name='ocr-capabilities' content='ocr_page ocr_carea ocr_par ocr_line ocrx_word'/>
</head>
<body>
  <div class='ocr_page' id='page_1' title='image "./opera03horagoog_0188.png"; bbox 0 0 2617 4442; ppageno 0'>
   <div class='ocr_carea' id='block_1_1' title="bbox 182 383 844 449">
    <p class='ocr_par' dir='ltr' id='par_1_1' title="bbox 182 383 844 449">
     <span class='ocr_line' id='line_1_1' title="bbox 182 383 844 449; baseline -0.027 0"><span class='ocrx_word' id='word_1_1' title='bbox 182 388 241 449; x_wconf 83' lang='grc'>178</span> <span class='ocrx_word' id='word_1_2' title='bbox 508 386 540 443; x_wconf 78' lang='lat' dir='ltr'>e</span> <span class='ocrx_word' id='word_1_3' title='bbox 557 384 704 435; x_wconf 69' lang='lat' dir='ltr'>nostru</span> <span class='ocrx_word' id='word_1_4' title='bbox 720 383 844 434; x_wconf 80' lang='lat' dir='ltr'>snaccr</span> 
     </span>
    </p>
   </div>
   <div class='ocr_carea' id='block_1_2' title="bbox 216 525 1278 4010">
    <p class='ocr_par' dir='ltr' id='par_1_2' title="bbox 220 525 1278 604">
     <span class='ocr_line' id='line_1_2' title="bbox 220 525 1278 604; baseline -0.005 -15"><span class='ocrx_word' id='word_1_5' title='bbox 220 528 275 589; x_wconf 89' lang='lat' dir='ltr'>Ille</span> <span class='ocrx_word' id='word_1_6' title='bbox 289 528 404 589; x_wconf 83' lang='lat' dir='ltr'>Bioneis</span> <span class='ocrx_word' id='word_1_7' title='bbox 417 530 595 589; x_wconf 80' lang='lat' dir='ltr'>sermonibus</span> <span class='ocrx_word' id='word_1_8' title='bbox 608 540 637 588; x_wconf 89' lang='lat' dir='ltr'>et</span> <span class='ocrx_word' id='word_1_9' title='bbox 651 528 710 587; x_wconf 90' lang='lat' dir='ltr'>sale</span> <span class='ocrx_word' id='word_1_10' title='bbox 723 527 813 604; x_wconf 88' lang='lat' dir='ltr'>nigro.</span> <span class='ocrx_word' id='word_1_11' title='bbox 1134 525 1170 585; x_wconf 82' lang='grc'>60</span> <span class='ocrx_word' id='word_1_12' title='bbox 1277 525 1278 556; x_wconf 75' lang='lat'>³</span> 
     </span>
    </p>

    <p class='ocr_par' dir='ltr' id='par_1_3' title="bbox 221 606 940 686">
     <span class='ocr_line' id='line_1_3' title="bbox 221 606 940 686; baseline -0.006 -19"><span class='ocrx_word' id='word_1_13' title='bbox 221 608 297 667; x_wconf 87' lang='lat' dir='ltr'>Tres</span> <span class='ocrx_word' id='word_1_14' title='bbox 309 609 380 667; x_wconf 90' lang='lat' dir='ltr'>mihi</span> <span class='ocrx_word' id='word_1_15' title='bbox 393 611 518 668; x_wconf 71' lang='lat' dir='ltr'>convive</span> <span class='ocrx_word' id='word_1_16' title='bbox 531 607 620 686; x_wconf 69' lang='lat' dir='ltr'>prope</span> <span class='ocrx_word' id='word_1_17' title='bbox 635 608 785 666; x_wconf 81' lang='lat' dir='ltr'>dissentire</span> <span class='ocrx_word' id='word_1_18' title='bbox 798 606 940 678; x_wconf 84' lang='lat' dir='ltr'>videntur,</span> 
     </span>
    </p>

    <p class='ocr_par' dir='ltr' id='par_1_4' title="bbox 220 686 853 763">
     <span class='ocr_line' id='line_1_4' title="bbox 220 686 853 763; baseline -0.003 -18"><span class='ocrx_word' id='word_1_19' title='bbox 220 687 377 748; x_wconf 88' lang='lat' dir='ltr'>Poscentes</span> <span class='ocrx_word' id='word_1_20' title='bbox 390 689 468 748; x_wconf 86' lang='lat' dir='ltr'>vario</span> <span class='ocrx_word' id='word_1_21' title='bbox 480 686 603 747; x_wconf 77' lang='lat' dir='ltr'>multum</span> <span class='ocrx_word' id='word_1_22' title='bbox 618 688 730 745; x_wconf 86' lang='lat' dir='ltr'>diversa</span> <span class='ocrx_word' id='word_1_23' title='bbox 742 687 853 763; x_wconf 84' lang='lat' dir='ltr'>palato:</span> 
     </span>
    </p>

    <p class='ocr_par' dir='ltr' id='par_1_5' title="bbox 220 763 1116 843">
     <span class='ocr_line' id='line_1_5' title="bbox 220 763 1116 843; baseline -0.008 -14"><span class='ocrx_word' id='word_1_24' title='bbox 220 766 303 830; x_wconf 82' lang='lat' dir='ltr'>Quid</span> <span class='ocrx_word' id='word_1_25' title='bbox 317 768 405 826; x_wconf 81' lang='lat' dir='ltr'>demi</span> <span class='ocrx_word' id='word_1_26' title='bbox 425 769 495 843; x_wconf 92' lang='lat' dir='ltr'>quid</span> <span class='ocrx_word' id='word_1_27' title='bbox 508 788 567 827; x_wconf 92' lang='lat' dir='ltr'>non</span> <span class='ocrx_word' id='word_1_28' title='bbox 582 767 669 825; x_wconf 81' lang='lat' dir='ltr'>demi</span> <span class='ocrx_word' id='word_1_29' title='bbox 689 766 786 823; x_wconf 87' lang='lat' dir='ltr'>renuis</span> <span class='ocrx_word' id='word_1_30' title='bbox 799 776 831 824; x_wconf 94' lang='lat' dir='ltr'>tu</span> <span class='ocrx_word' id='word_1_31' title='bbox 844 764 921 840; x_wconf 89' lang='lat' dir='ltr'>quod</span> <span class='ocrx_word' id='word_1_32' title='bbox 931 763 1013 840; x_wconf 87' lang='lat' dir='ltr'>jubet</span> <span class='ocrx_word' id='word_1_33' title='bbox 1027 765 1100 823; x_wconf 86' lang='lat' dir='ltr'>alter</span> <span class='ocrx_word' id='word_1_34' title='bbox 1108 785 1116 835; x_wconf 91' lang='lat'>;</span> 
     </span>
    </p>

    <p class='ocr_par' dir='ltr' id='par_1_6' title="bbox 220 844 1170 1001">
     <span class='ocr_line' id='line_1_6' title="bbox 220 844 1047 923; baseline -0.01 -14"><span class='ocrx_word' id='word_1_35' title='bbox 220 846 310 909; x_wconf 80' lang='lat' dir='ltr'>Quod</span> <span class='ocrx_word' id='word_1_36' title='bbox 323 846 406 923; x_wconf 88' lang='lat' dir='ltr'>petis,</span> <span class='ocrx_word' id='word_1_37' title='bbox 420 847 449 905; x_wconf 93' lang='lat' dir='ltr'>id</span> <span class='ocrx_word' id='word_1_38' title='bbox 463 844 534 905; x_wconf 75' lang='lat' dir='ltr'>send</span> <span class='ocrx_word' id='word_1_39' title='bbox 548 856 592 905; x_wconf 90' lang='lat' dir='ltr'>est</span> <span class='ocrx_word' id='word_1_40' title='bbox 605 846 728 904; x_wconf 86' lang='lat' dir='ltr'>invisum</span> <span class='ocrx_word' id='word_1_41' title='bbox 742 845 912 920; x_wconf 82' lang='lat' dir='ltr'>acidumque</span> <span class='ocrx_word' id='word_1_42' title='bbox 926 844 1047 901; x_wconf 90' lang='lat' dir='ltr'>duobus.</span> 
     </span>
     <span class='ocr_line' id='line_1_7' title="bbox 260 924 1170 1001; baseline -0.007 -17"><span class='ocrx_word' id='word_1_43' title='bbox 260 925 367 984; x_wconf 77' lang='lat' dir='ltr'>Proetcr</span> <span class='ocrx_word' id='word_1_44' title='bbox 381 936 493 999; x_wconf 76' lang='lat' dir='ltr'>catera,</span> <span class='ocrx_word' id='word_1_45' title='bbox 507 946 553 985; x_wconf 89' lang='lat' dir='ltr'>me</span> <span class='ocrx_word' id='word_1_46' title='bbox 563 925 705 984; x_wconf 70' lang='lat' dir='ltr'>Romaene</span> <span class='ocrx_word' id='word_1_47' title='bbox 718 928 852 1001; x_wconf 70' lang='lat' dir='ltr'>poemata</span> <span class='ocrx_word' id='word_1_48' title='bbox 864 940 967 979; x_wconf 90' lang='lat' dir='ltr'>censes</span> <span class='ocrx_word' id='word_1_49' title='bbox 1131 924 1170 979; x_wconf 67' lang='lat'>(55</span> 
     </span>
    </p>

    <p class='ocr_par' dir='ltr' id='par_1_7' title="bbox 222 1002 942 1081">
     <span class='ocr_line' id='line_1_8' title="bbox 222 1002 942 1081; baseline -0.008 -18"><span class='ocrx_word' id='word_1_50' title='bbox 222 1004 354 1063; x_wconf 77' lang='lat' dir='ltr'>Scribere</span> <span class='ocrx_word' id='word_1_51' title='bbox 367 1023 450 1081; x_wconf 90' lang='lat' dir='ltr'>posse</span> <span class='ocrx_word' id='word_1_52' title='bbox 464 1006 538 1063; x_wconf 90' lang='lat' dir='ltr'>inter</span> <span class='ocrx_word' id='word_1_53' title='bbox 547 1015 589 1063; x_wconf 93' lang='lat' dir='ltr'>tot</span> <span class='ocrx_word' id='word_1_54' title='bbox 602 1024 688 1062; x_wconf 91' lang='lat' dir='ltr'>curas</span> <span class='ocrx_word' id='word_1_55' title='bbox 700 1014 796 1078; x_wconf 87' lang='lat' dir='ltr'>totque</span> <span class='ocrx_word' id='word_1_56' title='bbox 809 1002 942 1060; x_wconf 83' lang='lat' dir='ltr'>laboresl</span> 
     </span>
    </p>

    <p class='ocr_par' dir='ltr' id='par_1_8' title="bbox 221 1080 986 1161">
     <span class='ocr_line' id='line_1_9' title="bbox 221 1080 986 1161; baseline -0.007 -20"><span class='ocrx_word' id='word_1_57' title='bbox 221 1082 280 1141; x_wconf 81' lang='lat' dir='ltr'>llic</span> <span class='ocrx_word' id='word_1_58' title='bbox 294 1102 429 1161; x_wconf 90' lang='lat' dir='ltr'>sponsum</span> <span class='ocrx_word' id='word_1_59' title='bbox 443 1096 534 1157; x_wconf 85' lang='lat' dir='ltr'>vocat,</span> <span class='ocrx_word' id='word_1_60' title='bbox 548 1084 595 1142; x_wconf 90' lang='lat' dir='ltr'>hic</span> <span class='ocrx_word' id='word_1_61' title='bbox 609 1084 738 1142; x_wconf 89' lang='lat' dir='ltr'>auditum</span> <span class='ocrx_word' id='word_1_62' title='bbox 751 1082 866 1158; x_wconf 88' lang='lat' dir='ltr'>scripta,</span> <span class='ocrx_word' id='word_1_63' title='bbox 880 1080 986 1137; x_wconf 90' lang='lat' dir='ltr'>relictis</span> 
     </span>
    </p>

    <p class='ocr_par' dir='ltr' id='par_1_9' title="bbox 220 1160 936 1231">
     <span class='ocr_line' id='line_1_10' title="bbox 220 1160 936 1231; baseline -0.004 -13"><span class='ocrx_word' id='word_1_64' title='bbox 220 1160 364 1221; x_wconf 87' lang='lat' dir='ltr'>Omnibus</span> <span class='ocrx_word' id='word_1_65' title='bbox 376 1162 494 1221; x_wconf 88' lang='lat' dir='ltr'>officiis:</span> <span class='ocrx_word' id='word_1_66' title='bbox 514 1164 600 1221; x_wconf 86' lang='lat' dir='ltr'>cubat</span> <span class='ocrx_word' id='word_1_67' title='bbox 614 1164 662 1221; x_wconf 93' lang='lat' dir='ltr'>hic</span> <span class='ocrx_word' id='word_1_68' title='bbox 676 1163 706 1221; x_wconf 90' lang='lat' dir='ltr'>in</span> <span class='ocrx_word' id='word_1_69' title='bbox 720 1161 794 1220; x_wconf 89' lang='lat' dir='ltr'>colle</span> <span class='ocrx_word' id='word_1_70' title='bbox 806 1160 936 1231; x_wconf 77' lang='lat' dir='ltr'>Quirini,</span> 
     </span>
    </p>

    <p class='ocr_par' dir='ltr' id='par_1_10' title="bbox 220 1240 935 1314">
     <span class='ocr_line' id='line_1_11' title="bbox 220 1240 935 1314; baseline -0.006 -15"><span class='ocrx_word' id='word_1_71' title='bbox 220 1240 280 1299; x_wconf 90' lang='lat' dir='ltr'>Hic</span> <span class='ocrx_word' id='word_1_72' title='bbox 294 1252 422 1299; x_wconf 87' lang='lat' dir='ltr'>extremo</span> <span class='ocrx_word' id='word_1_73' title='bbox 435 1243 465 1301; x_wconf 93' lang='lat' dir='ltr'>in</span> <span class='ocrx_word' id='word_1_74' title='bbox 479 1242 639 1312; x_wconf 82' lang='lat' dir='ltr'>Arentino;</span> <span class='ocrx_word' id='word_1_75' title='bbox 661 1242 795 1299; x_wconf 87' lang='lat' dir='ltr'>visendus</span> <span class='ocrx_word' id='word_1_76' title='bbox 809 1251 935 1314; x_wconf 90' lang='lat' dir='ltr'>uterque.</span> 
     </span>
    </p>

    <p class='ocr_par' dir='ltr' id='par_1_11' title="bbox 220 1316 1171 1379">
     <span class='ocr_line' id='line_1_12' title="bbox 220 1316 1171 1379; baseline -0.004 -1"><span class='ocrx_word' id='word_1_77' title='bbox 220 1318 373 1378; x_wconf 88' lang='lat' dir='ltr'>Intervalla</span> <span class='ocrx_word' id='word_1_78' title='bbox 386 1320 465 1379; x_wconf 86' lang='lat' dir='ltr'>vides</span> <span class='ocrx_word' id='word_1_79' title='bbox 478 1319 603 1379; x_wconf 74' lang='lat' dir='ltr'>humane</span> <span class='ocrx_word' id='word_1_80' title='bbox 618 1316 927 1379; x_wconf 76' lang='lat' dir='ltr'>commoda-Verum</span> <span class='ocrx_word' id='word_1_81' title='bbox 1131 1318 1171 1375; x_wconf 78' lang='lat'>70</span> 
     </span>
    </p>

    <p class='ocr_par' dir='ltr' id='par_1_12' title="bbox 220 1398 1011 1475">
     <span class='ocr_line' id='line_1_13' title="bbox 220 1398 1011 1475; baseline -0.005 -19"><span class='ocrx_word' id='word_1_82' title='bbox 220 1398 304 1457; x_wconf 80' lang='lat' dir='ltr'>Purae</span> <span class='ocrx_word' id='word_1_83' title='bbox 317 1409 384 1458; x_wconf 93' lang='lat' dir='ltr'>sunt</span> <span class='ocrx_word' id='word_1_84' title='bbox 397 1402 507 1475; x_wconf 84' lang='lat' dir='ltr'>plateae,</span> <span class='ocrx_word' id='word_1_85' title='bbox 521 1401 592 1459; x_wconf 90' lang='lat' dir='ltr'>nihil</span> <span class='ocrx_word' id='word_1_86' title='bbox 606 1411 638 1457; x_wconf 93' lang='lat' dir='ltr'>ut</span> <span class='ocrx_word' id='word_1_87' title='bbox 651 1399 856 1457; x_wconf 83' lang='lat' dir='ltr'>meditantibus</span> <span class='ocrx_word' id='word_1_88' title='bbox 868 1398 1011 1455; x_wconf 79' lang='lat' dir='ltr'>obstet,-</span> 
     </span>
    </p>

    <p class='ocr_par' dir='ltr' id='par_1_13' title="bbox 221 1478 937 1556">
     <span class='ocr_line' id='line_1_14' title="bbox 221 1478 937 1556; baseline -0.004 -20"><span class='ocrx_word' id='word_1_89' title='bbox 221 1478 352 1539; x_wconf 83' lang='lat' dir='ltr'>Festinst</span> <span class='ocrx_word' id='word_1_90' title='bbox 364 1480 475 1538; x_wconf 90' lang='lat' dir='ltr'>calidus</span> <span class='ocrx_word' id='word_1_91' title='bbox 488 1481 572 1538; x_wconf 88' lang='lat' dir='ltr'>mulis</span> <span class='ocrx_word' id='word_1_92' title='bbox 585 1479 747 1556; x_wconf 85' lang='lat' dir='ltr'>gerulisque</span> <span class='ocrx_word' id='word_1_93' title='bbox 760 1479 937 1553; x_wconf 88' lang='lat' dir='ltr'>redempt0r;</span> 
     </span>
    </p>

    <p class='ocr_par' dir='ltr' id='par_1_14' title="bbox 221 1556 1085 1638">
     <span class='ocr_line' id='line_1_15' title="bbox 221 1556 1085 1638; baseline 0 -23"><span class='ocrx_word' id='word_1_94' title='bbox 221 1556 351 1635; x_wconf 85' lang='lat' dir='ltr'>Torquet</span> <span class='ocrx_word' id='word_1_95' title='bbox 363 1575 442 1617; x_wconf 90' lang='lat' dir='ltr'>nunc</span> <span class='ocrx_word' id='word_1_96' title='bbox 454 1559 588 1635; x_wconf 84' lang='lat' dir='ltr'>lapidem,</span> <span class='ocrx_word' id='word_1_97' title='bbox 601 1578 681 1617; x_wconf 89' lang='lat' dir='ltr'>nunc</span> <span class='ocrx_word' id='word_1_98' title='bbox 695 1559 797 1634; x_wconf 86' lang='lat' dir='ltr'>ingens</span> <span class='ocrx_word' id='word_1_99' title='bbox 810 1557 945 1638; x_wconf 86' lang='lat' dir='ltr'>machina</span> <span class='ocrx_word' id='word_1_100' title='bbox 956 1557 1085 1633; x_wconf 85' lang='lat' dir='ltr'>tignum;</span> 
     </span>
    </p>

    <p class='ocr_par' dir='ltr' id='par_1_15' title="bbox 221 1636 894 1713">
     <span class='ocr_line' id='line_1_16' title="bbox 221 1636 894 1713; baseline -0.001 -19"><span class='ocrx_word' id='word_1_101' title='bbox 221 1636 331 1696; x_wconf 84' lang='lat' dir='ltr'>Tristia</span> <span class='ocrx_word' id='word_1_102' title='bbox 343 1637 465 1696; x_wconf 88' lang='lat' dir='ltr'>robustis</span> <span class='ocrx_word' id='word_1_103' title='bbox 478 1640 621 1697; x_wconf 85' lang='lat' dir='ltr'>luctantur</span> <span class='ocrx_word' id='word_1_104' title='bbox 635 1640 735 1697; x_wconf 85' lang='lat' dir='ltr'>funera</span> <span class='ocrx_word' id='word_1_105' title='bbox 746 1636 894 1713; x_wconf 84' lang='lat' dir='ltr'>plaustris3</span> 
     </span>
    </p>

    <p class='ocr_par' dir='ltr' id='par_1_16' title="bbox 220 1714 972 1793">
     <span class='ocr_line' id='line_1_17' title="bbox 220 1714 972 1793; baseline -0.003 -18"><span class='ocrx_word' id='word_1_106' title='bbox 220 1714 289 1775; x_wconf 78' lang='lat' dir='ltr'>Hte</span> <span class='ocrx_word' id='word_1_107' title='bbox 302 1716 413 1776; x_wconf 88' lang='lat' dir='ltr'>rabiosa</span> <span class='ocrx_word' id='word_1_108' title='bbox 427 1718 498 1793; x_wconf 81' lang='lat' dir='ltr'>fugit</span> <span class='ocrx_word' id='word_1_109' title='bbox 511 1718 601 1791; x_wconf 84' lang='lat' dir='ltr'>canis,</span> <span class='ocrx_word' id='word_1_110' title='bbox 615 1718 672 1775; x_wconf 75' lang='lat' dir='ltr'>bric</span> <span class='ocrx_word' id='word_1_111' title='bbox 685 1717 825 1775; x_wconf 91' lang='lat' dir='ltr'>lutulenta</span> <span class='ocrx_word' id='word_1_112' title='bbox 837 1715 895 1772; x_wconf 90' lang='lat' dir='ltr'>ruit</span> <span class='ocrx_word' id='word_1_113' title='bbox 907 1734 972 1773; x_wconf 86' lang='lat' dir='ltr'>sus:</span> 
     </span>
    </p>

    <p class='ocr_par' dir='ltr' id='par_1_17' title="bbox 220 1793 895 1869">
     <span class='ocr_line' id='line_1_18' title="bbox 220 1793 895 1869; baseline -0.003 -16"><span class='ocrx_word' id='word_1_114' title='bbox 220 1793 236 1852; x_wconf 94' lang='lat'>1</span> <span class='ocrx_word' id='word_1_115' title='bbox 250 1814 339 1869; x_wconf 90' lang='lat' dir='ltr'>nunc,</span> <span class='ocrx_word' id='word_1_116' title='bbox 352 1807 382 1854; x_wconf 88' lang='lat' dir='ltr'>et</span> <span class='ocrx_word' id='word_1_117' title='bbox 395 1815 492 1854; x_wconf 87' lang='lat' dir='ltr'>versus</span> <span class='ocrx_word' id='word_1_118' title='bbox 505 1807 602 1854; x_wconf 90' lang='lat' dir='ltr'>tecum</span> <span class='ocrx_word' id='word_1_119' title='bbox 616 1797 754 1855; x_wconf 87' lang='lat' dir='ltr'>meditare</span> <span class='ocrx_word' id='word_1_120' title='bbox 768 1813 895 1853; x_wconf 93' lang='lat' dir='ltr'>canoros.</span> 
     </span>
    </p>

    <p class='ocr_par' dir='ltr' id='par_1_18' title="bbox 222 1873 1063 1950">
     <span class='ocr_line' id='line_1_19' title="bbox 222 1873 1063 1950; baseline -0.001 -19"><span class='ocrx_word' id='word_1_121' title='bbox 222 1874 399 1950; x_wconf 75' lang='lat' dir='ltr'>Scriptorum</span> <span class='ocrx_word' id='word_1_122' title='bbox 412 1876 516 1933; x_wconf 89' lang='lat' dir='ltr'>chorus</span> <span class='ocrx_word' id='word_1_123' title='bbox 528 1876 622 1933; x_wconf 88' lang='lat' dir='ltr'>omnis</span> <span class='ocrx_word' id='word_1_124' title='bbox 636 1886 713 1933; x_wconf 85' lang='lat' dir='ltr'>amat</span> <span class='ocrx_word' id='word_1_125' title='bbox 726 1893 828 1932; x_wconf 89' lang='lat' dir='ltr'>nemus</span> <span class='ocrx_word' id='word_1_126' title='bbox 840 1885 870 1931; x_wconf 87' lang='lat' dir='ltr'>et</span> <span class='ocrx_word' id='word_1_127' title='bbox 883 1873 956 1950; x_wconf 86' lang='lat' dir='ltr'>fugit</span> <span class='ocrx_word' id='word_1_128' title='bbox 970 1873 1063 1946; x_wconf 90' lang='lat' dir='ltr'>urbes,</span> 
     </span>
    </p>

    <p class='ocr_par' dir='ltr' id='par_1_19' title="bbox 220 1950 971 2030">
     <span class='ocr_line' id='line_1_20' title="bbox 220 1950 971 2030; baseline 0 -20"><span class='ocrx_word' id='word_1_129' title='bbox 220 1950 292 2011; x_wconf 76' lang='lat' dir='ltr'>Rite</span> <span class='ocrx_word' id='word_1_130' title='bbox 306 1952 397 2011; x_wconf 91' lang='lat' dir='ltr'>cliens</span> <span class='ocrx_word' id='word_1_131' title='bbox 410 1953 518 2010; x_wconf 85' lang='lat' dir='ltr'>Bacchi</span> <span class='ocrx_word' id='word_1_132' title='bbox 532 1973 632 2013; x_wconf 90' lang='lat' dir='ltr'>somno</span> <span class='ocrx_word' id='word_1_133' title='bbox 645 1954 799 2030; x_wconf 86' lang='lat' dir='ltr'>gaudentis</span> <span class='ocrx_word' id='word_1_134' title='bbox 811 1962 840 2010; x_wconf 90' lang='lat' dir='ltr'>et</span> <span class='ocrx_word' id='word_1_135' title='bbox 853 1952 971 2010; x_wconf 73' lang='lat' dir='ltr'>umbri:</span> 
     </span>
    </p>

    <p class='ocr_par' dir='ltr' id='par_1_20' title="bbox 220 2029 960 2108">
     <span class='ocr_line' id='line_1_21' title="bbox 220 2029 960 2108; baseline 0.001 -20"><span class='ocrx_word' id='word_1_136' title='bbox 220 2029 270 2088; x_wconf 88' lang='lat' dir='ltr'>Tu</span> <span class='ocrx_word' id='word_1_137' title='bbox 284 2050 330 2089; x_wconf 91' lang='lat' dir='ltr'>me</span> <span class='ocrx_word' id='word_1_138' title='bbox 343 2032 417 2090; x_wconf 85' lang='lat' dir='ltr'>inter</span> <span class='ocrx_word' id='word_1_139' title='bbox 430 2032 563 2108; x_wconf 87' lang='lat' dir='ltr'>strepitus</span> <span class='ocrx_word' id='word_1_140' title='bbox 576 2044 732 2091; x_wconf 89' lang='lat' dir='ltr'>nocturnos</span> <span class='ocrx_word' id='word_1_141' title='bbox 745 2044 829 2108; x_wconf 90' lang='lat' dir='ltr'>atque</span> <span class='ocrx_word' id='word_1_142' title='bbox 842 2032 960 2089; x_wconf 91' lang='lat' dir='ltr'>diurnos</span> 
     </span>
    </p>

    <p class='ocr_par' dir='ltr' id='par_1_21' title="bbox 219 2109 953 2188">
     <span class='ocr_line' id='line_1_22' title="bbox 219 2109 953 2188; baseline 0 -21"><span class='ocrx_word' id='word_1_143' title='bbox 219 2109 273 2167; x_wconf 86' lang='lat' dir='ltr'>Vis</span> <span class='ocrx_word' id='word_1_144' title='bbox 286 2129 400 2183; x_wconf 86' lang='lat' dir='ltr'>canere,</span> <span class='ocrx_word' id='word_1_145' title='bbox 413 2122 443 2168; x_wconf 89' lang='lat' dir='ltr'>et</span> <span class='ocrx_word' id='word_1_146' title='bbox 455 2121 602 2170; x_wconf 89' lang='lat' dir='ltr'>contracta</span> <span class='ocrx_word' id='word_1_147' title='bbox 614 2112 695 2188; x_wconf 87' lang='lat' dir='ltr'>sequi</span> <span class='ocrx_word' id='word_1_148' title='bbox 708 2111 827 2187; x_wconf 83' lang='lat' dir='ltr'>vestigia</span> <span class='ocrx_word' id='word_1_149' title='bbox 840 2112 953 2168; x_wconf 68' lang='lat' dir='ltr'>vatum?</span> 
     </span>
    </p>

    <p class='ocr_par' dir='ltr' id='par_1_22' title="bbox 219 2186 985 2267">
     <span class='ocr_line' id='line_1_23' title="bbox 219 2186 985 2267; baseline 0.001 -21"><span class='ocrx_word' id='word_1_150' title='bbox 219 2186 384 2266; x_wconf 81' lang='lat' dir='ltr'>Ingenium,</span> <span class='ocrx_word' id='word_1_151' title='bbox 399 2189 453 2248; x_wconf 92' lang='lat' dir='ltr'>sibi</span> <span class='ocrx_word' id='word_1_152' title='bbox 466 2192 541 2266; x_wconf 91' lang='lat' dir='ltr'>quod</span> <span class='ocrx_word' id='word_1_153' title='bbox 556 2210 660 2250; x_wconf 85' lang='lat' dir='ltr'>vacuas</span> <span class='ocrx_word' id='word_1_154' title='bbox 673 2191 830 2267; x_wconf 88' lang='lat' dir='ltr'>desumpsit</span> <span class='ocrx_word' id='word_1_155' title='bbox 843 2191 985 2262; x_wconf 86' lang='lat' dir='ltr'>Athenas,</span> 
     </span>
    </p>

    <p class='ocr_par' dir='ltr' id='par_1_23' title="bbox 220 2266 898 2347">
     <span class='ocr_line' id='line_1_24' title="bbox 220 2266 898 2347; baseline 0.003 -22"><span class='ocrx_word' id='word_1_156' title='bbox 220 2266 259 2328; x_wconf 87' lang='lat' dir='ltr'>Et</span> <span class='ocrx_word' id='word_1_157' title='bbox 272 2268 374 2327; x_wconf 89' lang='lat' dir='ltr'>studiis</span> <span class='ocrx_word' id='word_1_158' title='bbox 387 2289 478 2328; x_wconf 83' lang='lat' dir='ltr'>annos</span> <span class='ocrx_word' id='word_1_159' title='bbox 490 2282 600 2347; x_wconf 84' lang='lat' dir='ltr'>septem</span> <span class='ocrx_word' id='word_1_160' title='bbox 614 2272 703 2344; x_wconf 90' lang='lat' dir='ltr'>dedit,</span> <span class='ocrx_word' id='word_1_161' title='bbox 717 2270 898 2345; x_wconf 86' lang='lat' dir='ltr'>insenuitque</span> 
     </span>
    </p>

    <p class='ocr_par' dir='ltr' id='par_1_24' title="bbox 220 2346 818 2422">
     <span class='ocr_line' id='line_1_25' title="bbox 220 2346 818 2422; baseline 0.002 -17"><span class='ocrx_word' id='word_1_162' title='bbox 220 2346 314 2406; x_wconf 89' lang='lat' dir='ltr'>Libris</span> <span class='ocrx_word' id='word_1_163' title='bbox 327 2359 356 2407; x_wconf 91' lang='lat' dir='ltr'>et</span> <span class='ocrx_word' id='word_1_164' title='bbox 369 2350 455 2422; x_wconf 92' lang='lat' dir='ltr'>curis,</span> <span class='ocrx_word' id='word_1_165' title='bbox 469 2352 563 2409; x_wconf 75' lang='lat' dir='ltr'>staturi</span> <span class='ocrx_word' id='word_1_166' title='bbox 576 2350 746 2408; x_wconf 88' lang='lat' dir='ltr'>taciturnius</span> <span class='ocrx_word' id='word_1_167' title='bbox 758 2349 818 2406; x_wconf 85' lang='lat' dir='ltr'>exit</span> 
     </span>
    </p>

    <p class='ocr_par' dir='ltr' id='par_1_25' title="bbox 220 2426 1044 2506">
     <span class='ocr_line' id='line_1_26' title="bbox 220 2426 1044 2506; baseline -0.002 -21"><span class='ocrx_word' id='word_1_168' title='bbox 220 2426 402 2505; x_wconf 77' lang='lat' dir='ltr'>Plerumque,</span> <span class='ocrx_word' id='word_1_169' title='bbox 416 2440 445 2487; x_wconf 90' lang='lat' dir='ltr'>ct</span> <span class='ocrx_word' id='word_1_170' title='bbox 459 2430 517 2487; x_wconf 88' lang='lat' dir='ltr'>risu</span> <span class='ocrx_word' id='word_1_171' title='bbox 530 2430 666 2506; x_wconf 89' lang='lat' dir='ltr'>populum</span> <span class='ocrx_word' id='word_1_172' title='bbox 679 2428 787 2506; x_wconf 92' lang='lat' dir='ltr'>quatit:</span> <span class='ocrx_word' id='word_1_173' title='bbox 809 2426 858 2486; x_wconf 89' lang='lat' dir='ltr'>hic</span> <span class='ocrx_word' id='word_1_174' title='bbox 871 2446 935 2503; x_wconf 86' lang='lat' dir='ltr'>ego,</span> <span class='ocrx_word' id='word_1_175' title='bbox 948 2445 1044 2485; x_wconf 89' lang='lat' dir='ltr'>rerum</span> 
     </span>
    </p>

    <p class='ocr_par' dir='ltr' id='par_1_26' title="bbox 219 2506 903 2585">
     <span class='ocr_line' id='line_1_27' title="bbox 219 2506 903 2585; baseline -0.003 -20"><span class='ocrx_word' id='word_1_176' title='bbox 219 2506 370 2566; x_wconf 87' lang='lat' dir='ltr'>Fluctibus</span> <span class='ocrx_word' id='word_1_177' title='bbox 384 2508 414 2565; x_wconf 93' lang='lat' dir='ltr'>in</span> <span class='ocrx_word' id='word_1_178' title='bbox 429 2508 531 2567; x_wconf 89' lang='lat' dir='ltr'>mediis</span> <span class='ocrx_word' id='word_1_179' title='bbox 544 2519 573 2566; x_wconf 91' lang='lat' dir='ltr'>et</span> <span class='ocrx_word' id='word_1_180' title='bbox 585 2509 800 2585; x_wconf 87' lang='lat' dir='ltr'>tempestatibus</span> <span class='ocrx_word' id='word_1_181' title='bbox 814 2507 903 2579; x_wconf 90' lang='lat' dir='ltr'>urbis,</span> 
     </span>
    </p>

    <p class='ocr_par' dir='ltr' id='par_1_27' title="bbox 218 2586 1025 2738">
     <span class='ocr_line' id='line_1_28' title="bbox 218 2586 1025 2663; baseline -0.001 -18"><span class='ocrx_word' id='word_1_182' title='bbox 218 2586 316 2645; x_wconf 80' lang='lat' dir='ltr'>Verba</span> <span class='ocrx_word' id='word_1_183' title='bbox 328 2587 396 2663; x_wconf 83' lang='lat' dir='ltr'>lyrae</span> <span class='ocrx_word' id='word_1_184' title='bbox 410 2598 521 2645; x_wconf 89' lang='lat' dir='ltr'>motura</span> <span class='ocrx_word' id='word_1_185' title='bbox 533 2606 635 2644; x_wconf 91' lang='lat' dir='ltr'>sonum</span> <span class='ocrx_word' id='word_1_186' title='bbox 649 2598 821 2646; x_wconf 89' lang='lat' dir='ltr'>connectere</span> <span class='ocrx_word' id='word_1_187' title='bbox 835 2587 955 2662; x_wconf 79' lang='lat' dir='ltr'>dignerl</span> <span class='ocrx_word' id='word_1_188' title='bbox 1021 2633 1025 2636; x_wconf 89' lang='lat'><em>.</em></span> 
     </span>
     <span class='ocr_line' id='line_1_29' title="bbox 258 2664 933 2738; baseline 0.004 -18"><span class='ocrx_word' id='word_1_189' title='bbox 258 2664 359 2723; x_wconf 86' lang='lat' dir='ltr'>Frater</span> <span class='ocrx_word' id='word_1_190' title='bbox 371 2675 432 2723; x_wconf 88' lang='lat' dir='ltr'>erat</span> <span class='ocrx_word' id='word_1_191' title='bbox 445 2665 548 2725; x_wconf 78' lang='lat' dir='ltr'>Rornae</span> <span class='ocrx_word' id='word_1_192' title='bbox 562 2668 684 2725; x_wconf 88' lang='lat' dir='ltr'>consulti</span> <span class='ocrx_word' id='word_1_193' title='bbox 697 2668 803 2738; x_wconf 90' lang='lat' dir='ltr'>rhetor,</span> <span class='ocrx_word' id='word_1_194' title='bbox 817 2676 849 2724; x_wconf 92' lang='lat' dir='ltr'>ut</span> <span class='ocrx_word' id='word_1_195' title='bbox 862 2664 933 2723; x_wconf 83' lang='lat' dir='ltr'>alter</span> 
     </span>
    </p>

    <p class='ocr_par' dir='ltr' id='par_1_28' title="bbox 219 2743 875 2815">
     <span class='ocr_line' id='line_1_30' title="bbox 219 2743 875 2815; baseline 0.003 -15"><span class='ocrx_word' id='word_1_196' title='bbox 219 2743 347 2801; x_wconf 87' lang='lat' dir='ltr'>Alterius</span> <span class='ocrx_word' id='word_1_197' title='bbox 361 2762 491 2803; x_wconf 88' lang='lat' dir='ltr'>sermone</span> <span class='ocrx_word' id='word_1_198' title='bbox 505 2765 598 2803; x_wconf 90' lang='lat' dir='ltr'>meros</span> <span class='ocrx_word' id='word_1_199' title='bbox 611 2747 723 2804; x_wconf 85' lang='lat' dir='ltr'>audiret</span> <span class='ocrx_word' id='word_1_200' title='bbox 737 2746 875 2815; x_wconf 89' lang='lat' dir='ltr'>bonores;</span> 
     </span>
    </p>

    <p class='ocr_par' dir='ltr' id='par_1_29' title="bbox 218 2822 951 2897">
     <span class='ocr_line' id='line_1_31' title="bbox 218 2822 951 2897; baseline 0.001 -17"><span class='ocrx_word' id='word_1_201' title='bbox 218 2822 368 2880; x_wconf 88' lang='lat' dir='ltr'>Gracchus</span> <span class='ocrx_word' id='word_1_202' title='bbox 381 2834 414 2880; x_wconf 91' lang='lat' dir='ltr'>ut</span> <span class='ocrx_word' id='word_1_203' title='bbox 427 2824 475 2882; x_wconf 93' lang='lat' dir='ltr'>hic</span> <span class='ocrx_word' id='word_1_204' title='bbox 488 2824 529 2882; x_wconf 90' lang='lat' dir='ltr'>illi</span> <span class='ocrx_word' id='word_1_205' title='bbox 544 2824 623 2897; x_wconf 87' lang='lat' dir='ltr'>foret,</span> <span class='ocrx_word' id='word_1_206' title='bbox 638 2826 707 2883; x_wconf 92' lang='lat' dir='ltr'>huic</span> <span class='ocrx_word' id='word_1_207' title='bbox 720 2836 752 2884; x_wconf 90' lang='lat' dir='ltr'>ut</span> <span class='ocrx_word' id='word_1_208' title='bbox 765 2825 882 2882; x_wconf 90' lang='lat' dir='ltr'>Mucius</span> <span class='ocrx_word' id='word_1_209' title='bbox 895 2824 951 2881; x_wconf 90' lang='lat' dir='ltr'>ille.</span> 
     </span>
    </p>

    <p class='ocr_par' dir='ltr' id='par_1_30' title="bbox 217 2898 906 2980">
     <span class='ocr_line' id='line_1_32' title="bbox 217 2898 906 2980; baseline 0.007 -23"><span class='ocrx_word' id='word_1_210' title='bbox 217 2899 281 2963; x_wconf 82' lang='lat' dir='ltr'>Qui</span> <span class='ocrx_word' id='word_1_211' title='bbox 294 2898 389 2959; x_wconf 78' lang='lat' dir='ltr'>mimis</span> <span class='ocrx_word' id='word_1_212' title='bbox 403 2913 518 2978; x_wconf 85' lang='lat' dir='ltr'>argutos</span> <span class='ocrx_word' id='word_1_213' title='bbox 531 2914 614 2962; x_wconf 78' lang='lat' dir='ltr'>vexat</span> <span class='ocrx_word' id='word_1_214' title='bbox 628 2904 704 2962; x_wconf 90' lang='lat' dir='ltr'>furor</span> <span class='ocrx_word' id='word_1_215' title='bbox 718 2905 771 2962; x_wconf 90' lang='lat' dir='ltr'>iste</span> <span class='ocrx_word' id='word_1_216' title='bbox 785 2905 906 2980; x_wconf 71' lang='lat' dir='ltr'>poetasl</span> 
     </span>
    </p>

    <p class='ocr_par' dir='ltr' id='par_1_31' title="bbox 219 2979 945 3058">
     <span class='ocr_line' id='line_1_33' title="bbox 219 2979 945 3058; baseline 0.003 -22"><span class='ocrx_word' id='word_1_217' title='bbox 219 2979 356 3038; x_wconf 88' lang='lat' dir='ltr'>Carmina</span> <span class='ocrx_word' id='word_1_218' title='bbox 369 2998 518 3057; x_wconf 84' lang='lat' dir='ltr'>compono,</span> <span class='ocrx_word' id='word_1_219' title='bbox 534 2983 581 3039; x_wconf 91' lang='lat' dir='ltr'>hic</span> <span class='ocrx_word' id='word_1_220' title='bbox 595 2982 709 3058; x_wconf 84' lang='lat' dir='ltr'>elegos:</span> <span class='ocrx_word' id='word_1_221' title='bbox 730 2984 860 3041; x_wconf 89' lang='lat' dir='ltr'>mirabile</span> <span class='ocrx_word' id='word_1_222' title='bbox 873 2983 945 3055; x_wconf 88' lang='lat' dir='ltr'>visu,</span> 
     </span>
    </p>

    <p class='ocr_par' dir='ltr' id='par_1_32' title="bbox 218 3058 1014 3138">
     <span class='ocr_line' id='line_1_34' title="bbox 218 3058 1014 3138; baseline 0.003 -22"><span class='ocrx_word' id='word_1_223' title='bbox 218 3058 413 3134; x_wconf 74' lang='lat' dir='ltr'>caelatumque</span> <span class='ocrx_word' id='word_1_224' title='bbox 428 3079 530 3119; x_wconf 87' lang='lat' dir='ltr'>novem</span> <span class='ocrx_word' id='word_1_225' title='bbox 545 3061 637 3119; x_wconf 89' lang='lat' dir='ltr'>Musis</span> <span class='ocrx_word' id='word_1_226' title='bbox 646 3081 728 3137; x_wconf 88' lang='lat' dir='ltr'>opus.</span> <span class='ocrx_word' id='word_1_227' title='bbox 769 3063 877 3138; x_wconf 82' lang='lat' dir='ltr'>Aspice</span> <span class='ocrx_word' id='word_1_228' title='bbox 889 3059 1014 3137; x_wconf 79' lang='lat' dir='ltr'>primirm</span> 
     </span>
    </p>

    <p class='ocr_par' dir='ltr' id='par_1_33' title="bbox 217 3139 932 3216">
     <span class='ocr_line' id='line_1_35' title="bbox 217 3139 932 3216; baseline 0.004 -22"><span class='ocrx_word' id='word_1_229' title='bbox 217 3139 338 3202; x_wconf 81' lang='lat' dir='ltr'>Quanto</span> <span class='ocrx_word' id='word_1_230' title='bbox 352 3158 419 3197; x_wconf 88' lang='lat' dir='ltr'>curn</span> <span class='ocrx_word' id='word_1_231' title='bbox 433 3139 516 3213; x_wconf 84' lang='lat' dir='ltr'>fastu,</span> <span class='ocrx_word' id='word_1_232' title='bbox 530 3151 636 3216; x_wconf 84' lang='lat' dir='ltr'>quanto</span> <span class='ocrx_word' id='word_1_233' title='bbox 649 3141 796 3199; x_wconf 89' lang='lat' dir='ltr'>molimine</span> <span class='ocrx_word' id='word_1_234' title='bbox 810 3141 932 3199; x_wconf 90' lang='lat' dir='ltr'>circum·</span> 
     </span>
    </p>

    <p class='ocr_par' dir='ltr' id='par_1_34' title="bbox 218 3220 905 3294">
     <span class='ocr_line' id='line_1_36' title="bbox 218 3220 905 3294; baseline 0.001 -18"><span class='ocrx_word' id='word_1_235' title='bbox 218 3229 380 3294; x_wconf 87' lang='lat' dir='ltr'>spectemus</span> <span class='ocrx_word' id='word_1_236' title='bbox 394 3238 513 3277; x_wconf 88' lang='lat' dir='ltr'>vacuam</span> <span class='ocrx_word' id='word_1_237' title='bbox 527 3220 669 3279; x_wconf 85' lang='lat' dir='ltr'>Romanis</span> <span class='ocrx_word' id='word_1_238' title='bbox 683 3220 792 3279; x_wconf 89' lang='lat' dir='ltr'>vatibus</span> <span class='ocrx_word' id='word_1_239' title='bbox 806 3221 905 3277; x_wconf 74' lang='lat' dir='ltr'>edem.</span> 
     </span>
    </p>

    <p class='ocr_par' dir='ltr' id='par_1_35' title="bbox 218 3296 1011 3375">
     <span class='ocr_line' id='line_1_37' title="bbox 218 3296 1011 3375; baseline 0.003 -20"><span class='ocrx_word' id='word_1_240' title='bbox 218 3296 289 3355; x_wconf 85' lang='lat' dir='ltr'>Mox</span> <span class='ocrx_word' id='word_1_241' title='bbox 301 3300 398 3370; x_wconf 89' lang='lat' dir='ltr'>etiam,</span> <span class='ocrx_word' id='word_1_242' title='bbox 412 3300 436 3355; x_wconf 88' lang='lat' dir='ltr'>si</span> <span class='ocrx_word' id='word_1_243' title='bbox 451 3296 522 3357; x_wconf 73' lang='lat' dir='ltr'>forte</span> <span class='ocrx_word' id='word_1_244' title='bbox 537 3319 631 3373; x_wconf 86' lang='lat' dir='ltr'>vacas,</span> <span class='ocrx_word' id='word_1_245' title='bbox 645 3318 773 3375; x_wconf 87' lang='lat' dir='ltr'>sequere,</span> <span class='ocrx_word' id='word_1_246' title='bbox 787 3311 817 3357; x_wconf 90' lang='lat' dir='ltr'>et</span> <span class='ocrx_word' id='word_1_247' title='bbox 829 3299 928 3375; x_wconf 91' lang='lat' dir='ltr'>procul</span> <span class='ocrx_word' id='word_1_248' title='bbox 942 3298 1011 3357; x_wconf 89' lang='lat' dir='ltr'>audi</span> 
     </span>
    </p>

    <p class='ocr_par' dir='ltr' id='par_1_36' title="bbox 216 3376 994 3454">
     <span class='ocr_line' id='line_1_38' title="bbox 216 3376 994 3454; baseline -0.003 -17"><span class='ocrx_word' id='word_1_249' title='bbox 216 3376 300 3437; x_wconf 78' lang='lat' dir='ltr'>Quid</span> <span class='ocrx_word' id='word_1_250' title='bbox 313 3377 385 3435; x_wconf 86' lang='lat' dir='ltr'>ferat</span> <span class='ocrx_word' id='word_1_251' title='bbox 398 3387 428 3434; x_wconf 88' lang='lat' dir='ltr'>et</span> <span class='ocrx_word' id='word_1_252' title='bbox 440 3396 526 3452; x_wconf 88' lang='lat' dir='ltr'>quare</span> <span class='ocrx_word' id='word_1_253' title='bbox 540 3380 594 3436; x_wconf 88' lang='lat' dir='ltr'>sibi</span> <span class='ocrx_word' id='word_1_254' title='bbox 608 3389 705 3437; x_wconf 87' lang='lat' dir='ltr'>nectat</span> <span class='ocrx_word' id='word_1_255' title='bbox 719 3390 836 3454; x_wconf 93' lang='lat' dir='ltr'>uterque</span> <span class='ocrx_word' id='word_1_256' title='bbox 850 3397 994 3436; x_wconf 87' lang='lat' dir='ltr'>coronam.</span> 
     </span>
    </p>

    <p class='ocr_par' dir='ltr' id='par_1_37' title="bbox 218 3453 997 3533">
     <span class='ocr_line' id='line_1_39' title="bbox 218 3453 997 3533; baseline 0.003 -22"><span class='ocrx_word' id='word_1_257' title='bbox 218 3453 374 3527; x_wconf 79' lang='lat' dir='ltr'>Credimur,</span> <span class='ocrx_word' id='word_1_258' title='bbox 388 3465 417 3511; x_wconf 92' lang='lat' dir='ltr'>et</span> <span class='ocrx_word' id='word_1_259' title='bbox 430 3456 547 3513; x_wconf 89' lang='lat' dir='ltr'>totidem</span> <span class='ocrx_word' id='word_1_260' title='bbox 561 3458 652 3533; x_wconf 86' lang='lat' dir='ltr'>plagis</span> <span class='ocrx_word' id='word_1_261' title='bbox 666 3458 862 3516; x_wconf 90' lang='lat' dir='ltr'>consumimus</span> <span class='ocrx_word' id='word_1_262' title='bbox 876 3458 997 3529; x_wconf 91' lang='lat' dir='ltr'>hostem,</span> 
     </span>
    </p>

    <p class='ocr_par' dir='ltr' id='par_1_38' title="bbox 218 3530 861 3612">
     <span class='ocr_line' id='line_1_40' title="bbox 218 3530 861 3612; baseline 0.009 -22"><span class='ocrx_word' id='word_1_263' title='bbox 218 3530 310 3591; x_wconf 91' lang='lat' dir='ltr'>Lento</span> <span class='ocrx_word' id='word_1_264' title='bbox 325 3532 468 3591; x_wconf 85' lang='lat' dir='ltr'>Samnites</span> <span class='ocrx_word' id='word_1_265' title='bbox 482 3535 518 3591; x_wconf 89' lang='lat' dir='ltr'>ad</span> <span class='ocrx_word' id='word_1_266' title='bbox 531 3534 640 3593; x_wconf 88' lang='lat' dir='ltr'>lumina</span> <span class='ocrx_word' id='word_1_267' title='bbox 653 3538 745 3612; x_wconf 88' lang='lat' dir='ltr'>prima</span> <span class='ocrx_word' id='word_1_268' title='bbox 758 3537 861 3596; x_wconf 88' lang='lat' dir='ltr'>duello.</span> 
     </span>
    </p>

    <p class='ocr_par' dir='ltr' id='par_1_39' title="bbox 217 3609 943 3692">
     <span class='ocr_line' id='line_1_41' title="bbox 217 3609 943 3692; baseline 0.007 -24"><span class='ocrx_word' id='word_1_269' title='bbox 217 3609 345 3669; x_wconf 88' lang='lat' dir='ltr'>Discedo</span> <span class='ocrx_word' id='word_1_270' title='bbox 358 3612 475 3669; x_wconf 79' lang='lat' dir='ltr'>Alcaeus</span> <span class='ocrx_word' id='word_1_271' title='bbox 487 3624 595 3687; x_wconf 88' lang='lat' dir='ltr'>puncto</span> <span class='ocrx_word' id='word_1_272' title='bbox 608 3614 698 3685; x_wconf 92' lang='lat' dir='ltr'>illius;</span> <span class='ocrx_word' id='word_1_273' title='bbox 719 3616 767 3673; x_wconf 91' lang='lat' dir='ltr'>ille</span> <span class='ocrx_word' id='word_1_274' title='bbox 781 3635 846 3674; x_wconf 90' lang='lat' dir='ltr'>meo</span> <span class='ocrx_word' id='word_1_275' title='bbox 859 3616 943 3692; x_wconf 75' lang='lat' dir='ltr'>quisi</span> 
     </span>
    </p>

    <p class='ocr_par' dir='ltr' id='par_1_40' title="bbox 217 3688 1169 3771">
     <span class='ocr_line' id='line_1_42' title="bbox 217 3688 1169 3771; baseline -0.001 -20"><span class='ocrx_word' id='word_1_276' title='bbox 217 3688 304 3763; x_wconf 82' lang='lat' dir='ltr'>Quis,</span> <span class='ocrx_word' id='word_1_277' title='bbox 318 3691 373 3748; x_wconf 90' lang='lat' dir='ltr'>nisi</span> <span class='ocrx_word' id='word_1_278' title='bbox 387 3689 600 3751; x_wconf 83' lang='lat' dir='ltr'>Callimachusi</span> <span class='ocrx_word' id='word_1_279' title='bbox 621 3694 645 3751; x_wconf 92' lang='lat' dir='ltr'>si</span> <span class='ocrx_word' id='word_1_280' title='bbox 658 3696 722 3770; x_wconf 90' lang='lat' dir='ltr'>plus</span> <span class='ocrx_word' id='word_1_281' title='bbox 736 3696 890 3771; x_wconf 87' lang='lat' dir='ltr'>adposcere</span> <span class='ocrx_word' id='word_1_282' title='bbox 905 3696 990 3767; x_wconf 86' lang='lat' dir='ltr'>risus,</span> <span class='ocrx_word' id='word_1_283' title='bbox 1117 3692 1169 3751; x_wconf 84' lang='lat'>10⁰</span> 
     </span>
    </p>

    <p class='ocr_par' dir='ltr' id='par_1_41' title="bbox 219 3767 941 3850">
     <span class='ocr_line' id='line_1_43' title="bbox 219 3767 941 3850; baseline 0.008 -24"><span class='ocrx_word' id='word_1_284' title='bbox 219 3767 267 3827; x_wconf 87' lang='lat' dir='ltr'>Fit</span> <span class='ocrx_word' id='word_1_285' title='bbox 279 3768 481 3844; x_wconf 89' lang='lat' dir='ltr'>Mimnermus,</span> <span class='ocrx_word' id='word_1_286' title='bbox 495 3782 524 3829; x_wconf 91' lang='lat' dir='ltr'>et</span> <span class='ocrx_word' id='word_1_287' title='bbox 536 3774 631 3849; x_wconf 88' lang='lat' dir='ltr'>optivo</span> <span class='ocrx_word' id='word_1_288' title='bbox 642 3776 814 3850; x_wconf 84' lang='lat' dir='ltr'>cognomine</span> <span class='ocrx_word' id='word_1_289' title='bbox 828 3774 941 3833; x_wconf 86' lang='lat' dir='ltr'>crescit</span> 
     </span>
    </p>

    <p class='ocr_par' dir='ltr' id='par_1_42' title="bbox 218 3845 940 3927">
     <span class='ocr_line' id='line_1_44' title="bbox 218 3845 940 3927; baseline 0.008 -22"><span class='ocrx_word' id='word_1_290' title='bbox 218 3845 312 3906; x_wconf 90' lang='lat' dir='ltr'>Multa</span> <span class='ocrx_word' id='word_1_291' title='bbox 326 3849 394 3921; x_wconf 89' lang='lat' dir='ltr'>fero,</span> <span class='ocrx_word' id='word_1_292' title='bbox 409 3860 441 3907; x_wconf 93' lang='lat' dir='ltr'>ut</span> <span class='ocrx_word' id='word_1_293' title='bbox 453 3850 564 3925; x_wconf 89' lang='lat' dir='ltr'>placem</span> <span class='ocrx_word' id='word_1_294' title='bbox 578 3870 671 3927; x_wconf 86' lang='lat' dir='ltr'>genus</span> <span class='ocrx_word' id='word_1_295' title='bbox 683 3853 819 3911; x_wconf 84' lang='lat' dir='ltr'>irritabile</span> <span class='ocrx_word' id='word_1_296' title='bbox 833 3864 940 3926; x_wconf 85' lang='lat' dir='ltr'>vatum,</span> 
     </span>
    </p>

    <p class='ocr_par' dir='ltr' id='par_1_43' title="bbox 217 3924 979 4010">
     <span class='ocr_line' id='line_1_45' title="bbox 217 3924 979 4010; baseline 0.003 -22"><span class='ocrx_word' id='word_1_297' title='bbox 217 3924 318 3988; x_wconf 83' lang='lat' dir='ltr'>Quum</span> <span class='ocrx_word' id='word_1_298' title='bbox 332 3928 426 3987; x_wconf 90' lang='lat' dir='ltr'>scribo</span> <span class='ocrx_word' id='word_1_299' title='bbox 439 3938 468 3987; x_wconf 89' lang='lat' dir='ltr'>et</span> <span class='ocrx_word' id='word_1_300' title='bbox 480 3930 600 4006; x_wconf 83' lang='lat' dir='ltr'>supplex</span> <span class='ocrx_word' id='word_1_301' title='bbox 612 3931 708 4007; x_wconf 90' lang='lat' dir='ltr'>populi</span> <span class='ocrx_word' id='word_1_302' title='bbox 722 3932 858 4008; x_wconf 84' lang='lat' dir='ltr'>suffragia</span> <span class='ocrx_word' id='word_1_303' title='bbox 871 3944 955 4010; x_wconf 88' lang='lat' dir='ltr'>capto</span> <span class='ocrx_word' id='word_1_304' title='bbox 964 3952 979 4000; x_wconf 69' lang='grc' dir='ltr'>ι,</span> 
     </span>
    </p>
   </div>
   <div class='ocr_carea' id='block_1_3' title="bbox 0 0 1314 4442">
    <p class='ocr_par' dir='ltr' id='par_1_44' title="bbox 0 0 1314 4442">
     <span class='ocr_line' id='line_1_46' title="bbox 0 0 1314 4442; baseline 0 0"><span class='ocrx_word' id='word_1_305' title='bbox 0 0 1314 4442; x_wconf 95' lang='lat' dir='ltr'> </span> 
     </span>
    </p>
   </div>
  </div>
 </body>
</html>
