2617 4442
346 707 395 800 Q.
434 702 719 781 HORATII
763 696 1011 775 FLACCI

462 966 897 1039 EPISTOLARUM

542 1203 648 1254 LIBER
672 1202 818 1253 PRIMUS.

554 1658 759 1721 EPISTOLA
778 1657 804 1717 Ι.

544 1797 585 1836 ΔΙ)
599 1797 807 1838 ΜΕΟΕΝΔΤΕΜ.

223 1898 326 1957 Parus
339 1898 415 1957 dicte
429 1897 510 1971 mihi,
524 1896 636 1955 summi
649 1898 773 1956 dicende
787 1896 938 1971 Gamoenrl,

224 1979 390 2053 Spectatum
404 1974 483 2051 satis,
496 1985 526 2035 et
538 1977 676 2035 donatum
686 1976 746 2054 jam
759 1977 840 2050 rude,
854 1977 965 2053 queris,

224 2056 380 2130 Maeceuas,
395 2057 497 2115 iterum
512 2055 628 2132 antiquo
641 2076 688 2114 me
702 2056 848 2114 includere
862 2056 939 2114 ludo.

223 2135 293 2194 Non
307 2138 408 2194 eadem
419 2147 462 2195 est
476 2148 553 2207 aetas,
568 2155 627 2194 non
640 2155 731 2194 mens.
772 2135 920 2212 Vejanius‚
934 2133 1019 2192 armis

224 2214 360 2273 Herculis
374 2217 411 2273 ad
423 2227 534 2294 postem
547 2214 620 2288 fixis,
634 2215 703 2273 lutet
717 2214 830 2272 abditus
843 2233 912 2290 agro
1156 2214 1179 2273 5

223 2293 271 2352 Ne
284 2297 420 2372 populum
434 2294 563 2354 extremi
577 2295 661 2353 toties
674 2305 771 2352 exoret
784 2294 879 2351 arena.

224 2372 277 2432 Est
290 2375 360 2432 mihi
373 2385 522 2452 purgatam
536 2372 637 2433 crebrd
651 2374 701 2471 spui
714 2383 847 2450 personet
861 2391 976 2430 aurem:

224 2454 338 2511 “Solve
351 2464 549 2513 senescentem
562 2465 674 2511 mature
689 2472 775 2511 sanus
788 2471 902 2528 equum,
917 2470 955 2509 ne

223 2530 331 2590 Peccet
345 2534 381 2590 ad
395 2544 555 2590 extremum
569 2532 716 2605 ridendus,
730 2543 759 2590 et
771 2532 820 2589 ilia
833 2531 946 2588 ducat''

223 2610 254 2668 N
256 2630 313 2668 unc
327 2611 421 2687 itaque
435 2622 464 2668 et
477 2629 574 2667 versus
589 2621 617 2668 et
631 2622 734 2669 catera
747 2610 858 2668 ludicra
871 2628 963 2686 pono:
1137 2609 1177 2666 1⁰

222 2690 305 2750 Quid
325 2709 423 2747 verum
446 2700 530 2765 atque
550 2690 658 2747 decens
677 2708 747 2748 curo
768 2698 797 2747 et
816 2708 894 2765 rogo,
908 2699 937 2746 et
953 2688 1048 2747 omnis
1067 2686 1099 2745 in
1119 2687 1177 2746 hoc

301 2787 382 2825 sum:

222 2845 324 2904 Condo
337 2858 366 2905 et
380 2865 519 2923 compono
529 2866 591 2924 quae
605 2866 672 2905 mox
685 2848 850 2924 depromere
862 2845 976 2923 possim.

222 2924 279 2996 Ac,
293 2944 330 2983 ne
344 2922 416 2983 forte
431 2945 513 3002 roges
526 2945 581 3002 quo
594 2946 640 2983 me
654 2928 739 3000 duce,
752 2945 808 3002 quo
820 2926 880 2983 lare
893 2936 986 2983 tuter:

221 3002 338 3062 Nullius
352 3005 484 3067 addictus¹
494 3005 589 3082 jurare
603 3005 633 3063 in
643 3006 729 3063 verba
742 3005 879 3081 magistri,

220 3080 292 3143 Qud
306 3104 352 3143 me
366 3103 479 3161 cunque
493 3084 567 3162 rapit
578 3095 741 3160 tempestas,
755 3085 866 3141 deferor
879 3085 990 3159 hospes.
1138 3083 1176 3141 15

223 3162 314 3221 Nunc
327 3165 409 3241 agilis
422 3164 470 3237 fio,
484 3175 513 3223 et
526 3183 632 3222 mersor
646 3164 778 3221 civilibus
790 3164 886 3237 undis,

222 3242 343 3301 Virtutis
357 3263 429 3301 verae
444 3256 550 3317 custos,
563 3244 728 3321 rigidusque
741 3242 869 3300 satelles:

223 3320 311 3379 Nunc
325 3324 355 3380 in
370 3323 508 3399 Aristippi
522 3323 617 3381 furtim
632 3333 774 3400 praecepta
789 3322 909 3394 relabor,

222 3398 261 3456 Et
273 3400 343 3457 mihi
356 3420 412 3471 res,
426 3420 484 3457 non
498 3420 544 3457 me
557 3402 642 3458 rebus
656 3402 822 3459 submittere
837 3419 931 3458 conor.
1004 3398 1010 3403 “

225 3476 261 3535 Ut
274 3496 331 3534 nox
344 3477 430 3553 longa
443 3479 545 3553 quibus
558 3480 650 3537 somni
663 3500 729 3556 pars
742 3480 829 3551 nulla,
844 3480 961 3553 diesque
1136 3477 1177 3537 20

222 3554 323 3631 Longa
335 3556 446 3612 videtur
459 3558 530 3631 opus
544 3557 715 3622 debentibus
726 3579 733 3629 ;
755 3570 788 3616 ut
799 3559 880 3635 piger
894 3576 986 3615 annus

222 3634 340 3709 Pupillis
354 3651 424 3710 quos
438 3635 509 3691 dura
521 3636 624 3710 premit
637 3638 768 3695 custodia
781 3649 919 3694 matrum:

224 3714 274 3771 Sic
288 3712 358 3770 mihi
371 3714 452 3771 tarda
466 3712 557 3770 fluunt
571 3713 736 3791 ingrataque
750 3728 888 3792 tempora,
901 3734 964 3790 qua
978 3732 1058 3791 spem

224 3792 439 3867 Consiliumque
453 3802 598 3849 morantur
611 3796 717 3869 agendi
731 3796 859 3870 gnaviter
873 3795 903 3851 id
914 3794 989 3870 quod

224 3865 319 3945 AEque
334 3870 506 3947 pauperibus
519 3872 643 3946 prodest,
657 3872 846 3949 locupletibus
860 3870 952 3948 aqud,
1136 3872 1180 3932 25
