2617 4442
443 376 477 432 Q.
494 375 640 425 HORATII
658 377 783 426 FLACCI

525 597 610 656 ODE
630 598 703 657 XII.

471 732 513 772 An
533 735 761 776 narranaam.

274 834 303 892 Ο
318 852 416 906 urvis,
430 833 555 893 referent
568 834 599 892 in
613 854 693 892 mare
706 845 735 892 te
749 837 814 893 novi

275 912 410 972 Fluctus!
432 911 460 969 Ο
475 913 542 989 quid
556 913 637 990 agisl
658 912 780 972 Fortiter
794 932 905 990 eeeupa

473 991 598 1051 Portum.
640 991 748 1050 Nonne
761 993 840 1051 vides
853 1005 885 1052 ut

434 1069 554 1128 Nudum
568 1071 688 1147 remigio
702 1071 785 1144 latus,

275 1149 314 1208 Et
327 1149 419 1208 malus
432 1150 519 1208 celeri
532 1151 646 1207 saueius
661 1150 770 1223 Africo,

277 1229 476 1305 Autennaeque
491 1240 615 1304 gemant,
627 1249 662 1286 ae
675 1230 737 1287 sine
751 1229 867 1287 funibus

473 1307 531 1365 Vix
544 1309 646 1366 durare
661 1309 765 1366 earinae

434 1386 547 1444 Possint
561 1388 740 1464 imperiosius

275 1466 405 1542 AEquorl
425 1465 494 1524 Non
508 1466 558 1523 tibi
572 1478 638 1524 sunt
652 1468 764 1543 integra
776 1466 874 1539 lintea,

276 1546 345 1605 Non
360 1544 390 1604 di
404 1565 475 1623 quos
488 1546 591 1603 iterum
605 1566 702 1622 pressa
715 1565 798 1604 voees
812 1548 903 1605 malo:

473 1625 615 1686 Quamvis
629 1625 749 1683 Pontica
763 1625 858 1702 pinus,

435 1703 520 1760 Silvae
535 1704 592 1760 filia
606 1705 718 1775 nobilis,

276 1782 296 1840 J
297 1791 374 1840 actes
386 1791 417 1839 et
429 1800 520 1856 genus
534 1793 563 1839 et
576 1801 681 1839 nomen
696 1783 804 1839 inutile.

276 1860 328 1921 Nil
340 1860 424 1940 piatis
438 1859 555 1918 timidus
568 1861 664 1918 navita
676 1861 817 1936 puppibus

473 1937 559 1996 Fidit.
600 1937 659 2011 Tu,
673 1939 730 1996 nisi
743 1939 834 1996 ventis

434 2015 531 2076 Debes
544 2017 708 2091 ludibrium,
723 2036 800 2076 eave.

275 2097 377 2174 Nuper
389 2096 541 2155 sollicitum
555 2115 618 2173 quae
632 2097 703 2155 mihi
716 2098 843 2169 taedium,

276 2177 365 2236 Nune
378 2175 560 2249 desiderium,
575 2195 699 2252 auraque
713 2196 771 2235 non
784 2176 864 2250 levia,

474 2255 617 2313 Interfusa
630 2257 755 2315 nitenles

434 2335 517 2394 Vites
530 2354 643 2411 aequora
657 2334 808 2412 Cycladas.

414 2691 418 2704 .
513 2648 598 2708 ODE
621 2647 712 2707 XIII.

310 2789 406 2829 Nnnar
418 2786 600 2828 VA'I'ICINIUM
613 2785 653 2824 DE
668 2786 793 2826 axelmo
806 2785 916 2826 Tuom.

276 2887 398 2946 Pasron
410 2907 498 2962 quum
511 2887 635 2946 traheret
647 2905 698 2962 per
712 2885 784 2944 freta
797 2885 917 2945 navibus

276 2966 363 3024 Idaeis
376 2965 510 3024 Helenen
523 2966 648 3043 perfidus
661 2964 813 3042 hospitam,

276 3044 393 3123 Ingrato
404 3045 511 3103 celeres
524 3045 617 3104 obruit
630 3044 689 3102 otio

433 3124 553 3196 Ventos,
567 3134 599 3182 ut
612 3134 728 3181 caneret
741 3123 800 3181 sera
868 3126 871 3132 ’

275 3202 389 3262 Nereus
403 3203 476 3262 fata:
497 3208 514 3235 “
528 3202 607 3261 Malia
620 3203 703 3260 ducis
717 3202 761 3260 avi
774 3203 901 3277 domum,

275 3282 374 3345 Quam
389 3283 478 3341 multo
497 3292 606 3359 repetet
619 3282 732 3341 Gracia
745 3282 845 3356 milite,

276 3361 431 3438 Conjurata
444 3361 507 3420 tuas
520 3381 651 3438 rumpere
665 3362 788 3439 nuptias,

434 3440 472 3498 Et
485 3459 606 3516 regnum
620 3440 726 3497 Priami
740 3451 828 3498 vetus.

274 3517 376 3578 Eheul
396 3530 519 3595 quantus
532 3519 621 3594 equis,
635 3531 759 3594 quantus
772 3521 853 3578 adest
866 3519 932 3578 viris

277 3597 387 3656 Sudor!
407 3608 513 3674 quanta
526 3617 623 3656 moves
637 3597 738 3655 funera
750 3598 893 3656 Dardana

276 3677 379 3735 Gentil
421 3675 439 3733 J
441 3697 486 3734 am
499 3676 610 3752 galeam
624 3676 728 3749 Pallas,
742 3688 772 3735 et
785 3678 887 3753 regida,

435 3755 608 3831 Currusque,
623 3766 652 3813 et
665 3756 783 3829 rabiem,
797 3767 885 3833 parat.

276 3833 488 3911 Nequidquam,
502 3835 625 3893 Veneris
638 3835 769 3911 praesidio
783 3835 870 3909 ferox,

277 3915 378 3974 Peetes
391 3913 547 3988 eaesariem,
561 3925 696 3992 grataque
710 3914 833 3972 foeminis
