2617 4442
508 348 708 398 CARMINUM
724 351 791 398 LIB.
809 353 857 400 IV.

460 491 553 549 Curru
567 492 654 550 ducet
667 494 800 551 Achaico

303 570 465 640 Victorem;
487 590 579 646 neque
593 590 638 628 res
652 572 754 629 bellica
767 573 860 630 Deliis

457 648 599 706 Ornatum
614 651 687 708 foliis
700 651 814 723 ducem,

302 726 392 790 Quod
403 747 504 804 regum
519 729 641 785 tumidas
655 730 816 786 contuderit
829 730 930 804 minas,

458 805 601 864 Ostendet
614 808 772 883 Capitolio:

305 886 362 943 Sed
376 905 439 961 quae
453 884 546 942 Tibur
561 905 640 960 aquae
655 887 745 943 fertile
759 886 918 962 praefluunt,
959 944 962 951 ,

459 964 497 1020 Et
511 966 608 1040 spissae
623 984 772 1022 nemorum
786 984 886 1039 comae,

301 1041 427 1120 Fingent
441 1043 536 1100 AEolio
551 1044 677 1101 carmine
691 1044 825 1101 nobilem.

460 1121 562 1180 Rome
575 1123 713 1198 principis
726 1122 839 1179 urbium

303 1199 444 1276 Dignatur
458 1201 567 1258 soboles
581 1203 653 1259 inter
669 1201 805 1258 amabiles

457 1278 563 1336 Vatum
577 1299 683 1356 ponere
696 1300 742 1337 me
756 1281 859 1340 choros
867 1300 875 1350 3

306 1361 344 1419 Et
354 1359 414 1435 jam
427 1359 512 1416 dente
527 1357 622 1416 minirs
635 1361 765 1416 mordeor
779 1359 883 1417 invido.

462 1439 500 1508 O,
514 1439 665 1494 testudinis
678 1457 771 1495 aureae

303 1519 503 1590 Dulcemque
517 1517 674 1590 strepitum,
688 1516 775 1587 Pieri,
789 1526 930 1591 temperas
938 1535 946 1585 ;

464 1593 493 1650 0
506 1596 592 1650 mutis
605 1613 717 1668 quoque
730 1594 857 1669 piscibus

300 1676 449 1734 Donmura
463 1673 557 1746 cycni,
572 1673 595 1729 si
610 1673 704 1745 libeat,
719 1674 836 1730 sonum!

458 1751 566 1808 Totum
580 1752 707 1808 muneris
718 1753 773 1809 hoc
786 1752 827 1808 tni
840 1761 893 1824 est,

298 1829 388 1896 Quod
402 1840 540 1888 monstror
555 1831 643 1906 digito
655 1831 886 1905 praetereuntium

457 1909 597 1966 Romanae
612 1909 717 1966 fidicen
730 1911 814 1986 lyrae:

298 1988 389 2052 Quod
403 1989 477 2064 spiro
490 1999 519 2045 et
532 1989 631 2065 placeo
648 1987 686 2066 (si
699 1990 824 2068 placeo),
838 1998 920 2046 tuum
933 1998 985 2046 est.

594 2306 679 2364 ODE
698 2305 755 2363 III.

566 2443 657 2482 DRUSI
670 2442 796 2482 LAUDES.

337 2547 472 2609 Qunuen
486 2544 646 2602 ministrum
658 2542 785 2599 fulminis
795 2542 893 2600 alitem

328 2625 411 2704 ¹(Cui
422 2645 470 2683 rex
484 2625 601 2681 deorum
615 2640 736 2698 regnum
750 2623 779 2678 in
795 2640 861 2679 aves
874 2641 961 2699 vagas

375 2704 516 2775 Permisit,
531 2712 663 2778 expertus
676 2701 789 2757 fidelem

414 2783 525 2858 Jupiter
539 2783 568 2838 in
582 2780 751 2854 Ganymede
765 2778 850 2858 flavo)

336 2862 415 2919 Olim
426 2862 566 2937 juventam,
580 2870 609 2916 et
622 2861 730 2934 patrius
743 2859 832 2934 vigor,

335 2940 413 2998 Nido
425 2941 553 2996 laborum
566 2939 689 3014 propulit
701 2937 822 2994 inscium
835 2956 842 3006 ;

374 3019 528 3093 Vernique,
541 3019 599 3094 jem
613 3018 719 3078 nimbis
729 3017 855 3088 remotis,

412 3098 545 3155 Insolitos
559 3095 683 3154 docuere
697 3097 777 3152 nisus

334 3174 422 3237 Venti
435 3188 601 3252 paventem3
623 3194 690 3230 mox
703 3175 731 3229 in
746 3173 831 3229 ovilia

333 3257 455 3317 Demisit
469 3256 578 3311 hostem
592 3251 702 3306 vividus
715 3251 854 3324 impetus;

371 3335 400 3394 N
403 3351 462 3390 unc
476 3334 506 3389 in
521 3330 695 3387 reluctantes
708 3327 848 3384 dracones

296 3466 298 3469 .
411 3412 480 3487 Egit
494 3428 572 3466 amor
586 3407 667 3482 dapis
680 3417 764 3481 atque
777 3425 898 3482 pugnae:

330 3492 492 3556 Qualemve
505 3489 576 3544 laetis
590 3505 694 3562 caprea
706 3485 821 3562 pascuis

333 3573 450 3630 Intenta
464 3567 546 3625 fulvae
560 3567 657 3624 matris
671 3565 707 3622 ab
720 3565 807 3622 ubere

371 3650 389 3707 J
392 3669 437 3707 am
448 3647 521 3704 lacte
535 3647 685 3722 depulsum
699 3645 821 3715 leonem,

408 3728 502 3784 Dente
517 3745 588 3784 novo
602 3726 736 3801 peritura,
750 3723 836 3781 vidit:

330 3805 439 3868 Videre
452 3805 564 3861 Rhaetis
578 3805 652 3861 bella
666 3804 719 3860 sub
732 3802 855 3878 Alpibus

331 3887 456 3946 Drusum
470 3894 616 3959 gerentem
630 3882 791 3950 Vindelici3
813 3880 916 3954 quibus

370 3964 435 4022 Mos
449 3963 525 4020 unde
540 3961 681 4019 deductus
693 3979 744 4035 per
757 3977 842 4016 omne
