2617 4442
338 762 385 854 Q.
426 760 706 838 HORATII
745 761 989 838 FLACCI

539 1009 786 1078 EPODON

599 1254 715 1305 LIBER.

600 1705 685 1768 ODE
704 1705 729 1766 L

529 1845 570 1883 Al)
583 1844 792 1885 amomum.

286 1947 350 2006 Iura
363 1943 499 2005 Liburnis
512 1945 585 2005 inter
597 1945 657 2004 alta
666 1945 792 2022 navium,

404 2025 518 2098 Amice,
531 2026 754 2102 propugnacula,

285 2105 404 2165 Paratus
414 2123 500 2163 omna
513 2104 635 2163 Caesaris
648 2104 808 2182 perieulum

404 2183 518 2256 Subita,
532 2183 689 2256 Maecenas,
703 2194 761 2242 tuo.

284 2263 367 2327 Quid
377 2282 440 2336 nos,
453 2262 556 2338 quibus
568 2272 598 2319 te
610 2262 670 2319 rita
683 2262 708 2320 si
721 2263 871 2338 superstite

405 2340 557 2410 Juounda3
578 2340 603 2397 si
617 2336 727 2411 eontra,
741 2340 857 2414 gravisl

285 2418 430 2482 Utrumne
440 2418 513 2496 jussi
525 2436 729 2493 persequemur
741 2418 841 2491 otium,

405 2497 475 2556 Non
489 2497 583 2571 dulae,
598 2497 629 2556 ni
642 2507 739 2555 tecum
752 2497 855 2555 simull

284 2580 335 2639 An
350 2579 428 2638 huno
441 2576 567 2634 laborem
580 2587 677 2636 mente
689 2577 784 2649 laturi,
799 2578 883 2636 deeet

402 2655 474 2718 Qut
488 2655 560 2714 ferre
574 2676 632 2715 uon
646 2656 745 2715 molles
758 2656 855 2716 virosi

287 2737 441 2806 Feremus3
462 2745 491 2795 et
504 2745 533 2793 te
547 2735 590 2794 vel
604 2755 654 2814 per
668 2736 787 2813 Alpium
797 2735 876 2815 juga,

403 2814 608 2892 Inhospitalem
622 2826 651 2873 et
665 2815 839 2890 Caucasum,

286 2895 342 2955 Vel
356 2895 514 2954 occidentis
528 2913 617 2972 usque
632 2895 669 2952 ad
682 2895 814 2954 ultimum
827 2896 932 2969 sinum,

402 2973 482 3033 Forti
495 2993 644 3050 sequemur
658 2986 781 3051 pectore.

285 3053 385 3130 Reges
397 3064 478 3110 tuum
491 3054 587 3112 labore
600 3054 669 3129 quid
679 3054 776 3131 juvem
790 3073 855 3114 meo

354 3187 358 3202 ,
404 3131 539 3206 Imbellis,
553 3152 588 3190 aa
601 3133 700 3190 firmus
712 3135 833 3210 paruml

286 3211 391 3271 Comes
404 3212 514 3269 minore
528 3230 592 3269 sum
606 3211 718 3268 futurus
731 3213 761 3269 in
772 3221 861 3284 metu,

402 3289 464 3352 Qui
478 3290 567 3365 major
581 3289 713 3346 absentes
726 3290 828 3346 habet:

284 3368 324 3429 Ut
337 3369 465 3428 assidens
479 3367 663 3444 implumibus
675 3366 759 3444 pullis
773 3366 832 3425 avis

405 3447 587 3524 Serpentium
601 3446 724 3523 allapsus
736 3447 818 3506 timet

285 3523 382 3605 Magis
395 3526 518 3597 relictis3
539 3543 607 3598 nou,
621 3537 653 3584 ut
667 3524 750 3599 adsit,
763 3526 851 3586 auxili

403 3606 511 3664 Latara
522 3606 586 3683 plus
598 3606 793 3682 praesentibus.

286 3685 424 3745 Libeutur
435 3687 490 3743 hoa
503 3695 533 3743 et
545 3704 629 3743 omne
643 3685 809 3744 militabitur

404 3764 515 3823 Bellum
530 3764 561 3822 in
571 3774 626 3822 tuae
640 3784 720 3841 spem
733 3765 851 3840 gratia:

287 3844 355 3904 Non
369 3854 401 3903 ut
411 3843 542 3921 jurensis
555 3843 663 3920 illigata
674 3844 803 3920 pluribus

404 3927 509 3982 Aratra
518 3923 645 3983 nitantur
655 3923 728 3980 meis
736 3942 745 3994 ;
