2617 4442
551 330 616 382 ARS
632 332 791 383 nonnos.

212 474 348 553 Scriptor.
389 472 570 535 Honoratum
584 476 608 534 si
619 472 691 534 sortd
706 475 820 553 reponis
828 475 985 553 Achillem,

211 553 348 633 Impiger,
361 554 525 629 iracundus,
539 555 730 630 inexorabilis,
745 574 821 628 acer,

212 634 231 692 J
233 653 284 692 ura
297 642 384 711 neget
396 634 451 692 sibi
464 644 541 707 nata,
555 634 626 692 nihil
640 654 699 692 non
712 645 824 710 arroget
837 636 939 694 armis:

213 714 258 772 Sit
271 712 378 771 Medea
391 713 469 772 ferox
482 714 653 790 invictaque,
668 712 770 771 flebilis
784 712 848 787 Ino,

213 793 343 852 Perfidus
356 791 448 865 Ixion,
462 790 497 851 Io
510 812 591 870 vaga,
605 792 694 850 tristis
707 791 833 850 Orestes.

253 872 286 931 Si
299 872 368 950 quid
381 871 558 948 inexpertum
573 890 668 930 scente
682 871 846 945 committis,
860 883 890 931 et
902 874 991 931 audes

214 952 368 1011 Personam
383 951 504 1009 formare
517 970 631 1023 novam,
646 961 773 1008 serretur
787 951 823 1008 ad
837 951 926 1010 imum

213 1031 318 1093 Qualis
331 1030 367 1088 ab
381 1029 496 1106 incepto
529 1030 689 1102 recesserit,
703 1041 732 1088 et
746 1029 799 1087 sibi
814 1040 934 1089 constet

215 1110 338 1167 Difficile
352 1119 395 1167 est
408 1110 520 1185 proprie
535 1109 701 1168 eommunia
714 1109 825 1167 dicere:
839 1120 926 1185 tuque

214 1186 337 1248 Rectilrs
351 1186 472 1246 Iliacum
486 1208 602 1247 carmen
616 1189 736 1246 deducis
749 1189 780 1245 in
794 1199 885 1261 actus,

213 1266 313 1331 Quam
327 1267 351 1325 si
364 1267 503 1345 proferres
517 1268 613 1345 ignota
627 1269 790 1344 indictaque
803 1268 919 1344 primus

214 1348 333 1406 Publica
347 1346 479 1404 materies
492 1347 593 1424 privati
605 1348 677 1424 juris
690 1348 753 1420 erit,
767 1348 793 1405 si

213 1425 279 1485 Nec
292 1428 371 1484 circa
383 1426 468 1483 vilem
481 1426 665 1503 patulumque
679 1426 834 1484 moraberis
846 1427 964 1497 orbemJ

213 1505 279 1565 Nec
294 1504 410 1564 verbum
424 1504 511 1563 verbo
524 1506 637 1562 curabis
647 1505 777 1577 reddere,
791 1504 866 1562 fidus

213 1584 376 1661 Interpres;
390 1602 446 1641 nec
460 1582 574 1642 desilies
588 1583 711 1642 imitator
725 1583 756 1641 in
769 1594 891 1657 arctum,

212 1663 299 1723 Unde
311 1663 415 1740 pedem
427 1661 551 1739 proferre
565 1664 655 1739 pudor
669 1673 753 1736 vetet,
767 1672 817 1720 aut
830 1661 923 1739 operis
935 1661 990 1722 lex.

253 1742 320 1800 Nec
333 1742 375 1800 sic
388 1741 519 1817 incipies,
534 1753 565 1799 ut
578 1742 697 1818 scriptor
711 1740 839 1818 cyclicus
849 1741 934 1800 olim:

214 1826 233 1854 “
243 1820 401 1880 Fortunam
415 1819 521 1878 Priami
535 1822 658 1879 cantabo
671 1832 701 1879 et
713 1821 809 1879 nobile
823 1821 957 1879 bellum.''

212 1901 295 1965 Quid
308 1900 427 1977 dignum
441 1910 520 1959 tanto
534 1900 604 1959 feret
616 1900 664 1958 hic
677 1900 829 1975 promissor
842 1900 942 1959 hiatui

213 1980 378 2039 Parturiunt
391 1990 511 2052 montes,
525 1991 659 2038 nascetur
672 1979 811 2038 ridiculus
823 1998 896 2038 mus.

212 2056 333 2123 Quantb
347 2057 454 2117 rectius
468 2059 516 2117 hic
529 2059 577 2134 qui
590 2058 631 2116 nil
645 2058 760 2117 molitur
773 2056 889 2136 ineptdi
942 2072 945 2077 “
1106 2061 1164 2119 140

215 2144 232 2171 “
243 2139 299 2196 Dic
313 2138 393 2211 mihi,
408 2137 503 2211 Musa,
517 2138 619 2211 virum,
633 2149 724 2215 capte
736 2150 802 2215 post
814 2149 942 2214 tempora
955 2138 1063 2217 Trojae,

212 2218 275 2282 Qui
289 2236 381 2276 mores
395 2217 543 2275 hominum
557 2218 710 2275 multorum
724 2217 795 2275 vidit
807 2227 837 2275 et
850 2217 961 2275 urbes.'’

213 2297 283 2356 Non
297 2297 406 2355 firmum
419 2315 456 2354 ex
469 2295 588 2373 fulgore,
602 2297 653 2353 sed
667 2315 704 2352 ex
717 2296 795 2354 furno
807 2296 877 2353 dare
890 2296 986 2354 lucem

214 2377 338 2453 Cogitat,
352 2387 385 2434 ut
398 2374 528 2452 speciosa
540 2374 646 2432 dehinc
660 2374 799 2432 miracula
811 2385 930 2450 promat,

213 2456 391 2532 Antiphaten
406 2454 586 2531 Scyllamque
600 2464 629 2511 et
642 2472 710 2511 cum
723 2453 851 2530 Cyclope
862 2454 1043 2530 CharybdinJ

213 2534 280 2593 Nec
292 2535 415 2593 reditum
430 2533 578 2592 Diomedis
591 2532 649 2591 ub'
641 2532 757 2591 mteritu
772 2531 922 2610 Meleagri,

214 2614 280 2673 Nec
293 2614 409 2691 gemino
422 2613 530 2671 bellum
544 2612 704 2689 Trojanum
717 2612 826 2673 orditur
839 2614 876 2670 ab
888 2632 950 2672 oro.

216 2695 336 2771 Semper
351 2694 387 2751 ad
401 2704 534 2751 eventum
549 2692 679 2763 festinat;
700 2702 729 2750 et
743 2692 773 2750 in
786 2693 896 2751 medias
909 2711 965 2766 res,

213 2772 282 2834 Nou
296 2792 380 2831 secus
394 2792 429 2830 ac
441 2783 533 2846 notas,
547 2771 706 2830 auditorem
719 2772 811 2847 rapit3
831 2782 870 2845 et,
884 2790 947 2849 qum

213 2852 353 2929 Desperat
366 2862 486 2911 tractata
499 2852 638 2911 nitescere
652 2870 745 2928 posse,
759 2852 911 2927 relinquit·

214 2932 331 3008 Atque
324 2943 363 2989 rta
376 2932 521 3005 mentitur,
536 2931 577 2989 sic
591 2931 665 2989 veris
678 2930 750 2988 falsa
762 2932 905 3004 remiscet,

214 3011 310 3070 Primo
322 3030 360 3069 ne
375 3010 512 3082 medium,
525 3011 620 3069 medio
633 3030 671 3068 ne
685 3010 847 3087 discrepet'
839 3029 939 3069 rmum.

253 3090 302 3147 Τιι
305 3080 393 3166 ,quid
408 3108 462 3165 ego
475 3103 505 3146 et
516 3090 638 3165 populus
651 3108 766 3146 mecum
780 3090 932 3163 desideret,
946 3089 1031 3148 audi:

214 3169 246 3227 Si
259 3168 397 3246 plausoris
410 3186 478 3243 eges
489 3167 579 3223 aulma
591 3166 744 3239 manentis,
757 3177 787 3225 et
799 3186 888 3241 usque

214 3248 337 3319 Sessuri,
352 3247 444 3304 donec
457 3250 589 3318 cantor,‘
591 3245 668 3303 ‘Vos
681 3212 835 3321 plarlditess'
847 3245 934 3318 dicat,

214 3326 319 3385 AEtatis
335 3325 472 3402 cujusque
486 3323 604 3383 notandi
618 3334 686 3381 sunt
699 3322 750 3381 tibi
764 3342 868 3396 mores,

214 3404 425 3481 llobilibusque
440 3404 527 3462 decor
539 3402 650 3461 naturis
664 3402 776 3461 dandus
789 3413 819 3460 et
832 3402 924 3461 annis.
976 3417 979 3422 ·

214 3484 351 3544 Reddere
365 3484 413 3560 qui
426 3500 512 3541 voces
523 3482 583 3559 jam
597 3482 650 3540 scit
664 3500 744 3558 puer,
758 3493 787 3540 et
799 3483 871 3558 pede
885 3492 964 3541 certo

215 3564 317 3641 Signat
331 3565 460 3635 humum,
474 3562 559 3639 gestit
572 3562 689 3657 paribus
702 3560 854 3635 colludere,
868 3572 897 3620 et
911 3562 982 3621 iram

215 3643 331 3721 Colligit
345 3663 380 3702 ac
392 3642 473 3719 ponit
486 3638 605 3714 temere,
620 3652 649 3699 et
670 3651 794 3699 mutatur
810 3640 840 3699 in
854 3642 946 3701 horas.

215 3664 388 3783 Imbegrbus
377 3722 501 3813 Juvenis,
514 3721 631 3778 tandem
646 3721 764 3779 custode
777 3732 897 3795 remoto,

214 3802 329 3863 (laudet
342 3802 432 3894 equis
436 3800 612 3877 canibusque
625 3809 655 3857 et
669 3788 760 3876 ap'rlcl
771 3800 900 3877 gramine
913 3799 1033 3879 Campi,

216 3881 349 3942 Cereur'
341 3900 371 3941 ιιι
385 3879 484 3940 vitium
498 3878 585 3996 hecti,
600 3878 788 3939 monitoribus
800 3898 893 3957 asper,
