2617 4442
564 352 629 401 Ans
647 352 803 403 POETICA.

224 496 379 574 Postquam
393 496 480 574 coepit
493 514 575 574 agros
587 498 742 555 extendere
755 496 855 572 victor,
869 508 899 557 et
912 498 1013 558 urbem

225 576 321 635 Latior
335 577 468 653 amplecti
481 595 589 649 murus,
604 576 725 652 vinoque
739 577 842 636 diurno

226 656 337 715 Placari
347 656 458 714 Genius
469 656 547 714 festis
560 655 679 733 impune
691 656 803 729 diebus,

154 795 158 807 ,
226 736 361 793 Accessit
374 735 555 811 numerisque
570 736 718 811 modisque
732 735 848 794 licentia
861 737 958 814 major.

150 819 178 888 [d
227 814 365 872 Indoctus
377 814 445 889 quid
459 815 537 871 enirn
551 824 673 891 saperet,
688 814 814 890 liberque
827 815 967 890 laborum,

227 893 365 951 Rusticus
378 892 488 950 urbano
502 893 648 964 confusus,
663 894 753 969 turpis
766 894 904 952 honestol

228 973 278 1030 Sic
291 972 391 1049 priscae
405 984 571 1048 motumque
585 982 614 1029 et
626 971 768 1029 luxuriam
782 973 892 1032 addidit
906 975 959 1032 arti

226 1051 361 1125 Tibicen,
375 1051 514 1127 traxitque
528 1070 616 1127 vagus
629 1070 680 1127 per
693 1051 802 1128 pulpita
814 1063 930 1111 vestem.

228 1132 278 1189 Sic
291 1132 376 1189 etiam
391 1130 494 1188 fidibus
508 1150 591 1189 voces
605 1128 722 1188 crevere
736 1132 852 1204 severis,

226 1210 264 1269 Et
277 1210 341 1268 tulit
354 1210 496 1287 eloquium
510 1210 655 1268 insolitum
671 1210 806 1268 facundia
818 1229 959 1288 praeceps;

225 1289 399 1365 Utiliumque
413 1308 501 1366 sagax
513 1308 618 1361 rerum,
632 1300 662 1347 et
675 1289 771 1347 divina
785 1290 881 1363 futuri,

228 1369 375 1445 Sortilegis
385 1388 442 1426 non
455 1369 610 1444 discrepuit
621 1369 763 1426 sententia
773 1368 901 1445 Delphis.

265 1448 402 1505 Carmine
415 1447 464 1522 qui
476 1447 585 1523 tragico
599 1448 685 1505 vilem
698 1449 817 1505 certavit
828 1450 866 1505 ob
879 1448 1001 1522 hircum,

227 1526 299 1585 Mox
312 1527 398 1584 etiam
413 1536 539 1601 agrestes
551 1526 667 1601 Satyros
681 1527 808 1598 nudavit,
822 1537 852 1583 et
865 1546 946 1602 asper

227 1604 370 1663 Incolumi
384 1605 520 1681 gravitate
531 1604 629 1681 jocum
642 1606 770 1675 tentavit,
784 1602 820 1663 ed
834 1603 911 1680 qnbd

227 1684 375 1742 Illecebris
388 1693 450 1742 erat
463 1694 492 1741 et
504 1685 585 1760 graui
597 1684 722 1741 novitate
735 1686 889 1741 morandus

227 1765 386 1839 Spectator,
401 1763 571 1838 functusque
585 1763 683 1835 sacris,
698 1773 727 1820 et
740 1774 832 1840 potus,
847 1774 876 1821 et
889 1765 981 1824 exlex.

225 1841 336 1901 Verum
347 1843 385 1901 ita
399 1844 511 1915 risores,
526 1842 565 1899 ita
578 1842 779 1900 commendare
793 1844 909 1901 dicaces

225 1923 386 1980 Conveniet
400 1922 525 1997 Satyros,
540 1921 579 1978 ita
592 1932 700 1979 vertere
714 1923 788 1979 seria
801 1923 878 1994 ludo,

225 2000 274 2059 Ne
287 2002 450 2078 quicunque
464 2001 545 2073 deus,
559 2001 722 2076 quicunque
736 2001 916 2060 adhibebitur
930 2003 1023 2076 heros,

226 2081 331 2157 Regali
345 2091 515 2157 conspectus
528 2080 558 2137 in
573 2098 641 2139 auro
655 2098 746 2156 nuper
760 2092 789 2139 et
802 2091 888 2153 ostro,

226 2159 331 2237 Migret
344 2160 374 2219 in
387 2160 523 2219 obscuras
537 2160 637 2217 humili
651 2178 782 2217 sermone
795 2160 943 2231 tabernas3

226 2240 296 2313 Aut,
310 2241 379 2298 dum
392 2240 460 2297 vitet
475 2240 602 2312 humum,
617 2239 709 2296 nubes
722 2250 751 2295 et
763 2238 868 2296 inania'
875 2248 978 2316 captet.

223 2318 345 2377 Effutire
358 2319 435 2377 leves
449 2318 568 2393 indigna
578 2286 734 2408 Ilragoedia
747 2336 853 2387 versus,

225 2398 265 2457 Ut
278 2399 355 2457 festis
368 2408 498 2455 matrona
508 2397 612 2453 moveri
623 2397 703 2473 jussa
716 2394 827 2468 diebus,

226 2476 367 2536 Intererit
365 2477 481 2552 Satyris
493 2472 612 2551 pauliun
625 2474 794 2550 pudibunda
807 2475 951 2566 protervis.

225 2556 294 2616 Non
307 2576 361 2635 ego
374 2555 505 2614 inornata
518 2565 547 2612 et
560 2554 736 2612 dominantia
749 2554 866 2611 nomina
879 2552 972 2612 solum

225 2636 386 2713 Verbaque,
402 2634 530 2706 Pisones,
546 2634 711 2709 Satyrorum
724 2632 844 2709 scriptor
859 2634 976 2705 amab03

225 2713 326 2773 Nec'
304 2735 347 2773 sic
359 2715 450 2773 enitar
463 2712 572 2790 tragico
585 2713 698 2770 differre
712 2712 810 2785 colori,

225 2794 264 2853 Ut
277 2794 369 2853 nihil
361 2794 472 2853 intersit
485 2792 620 2851 Davusne
634 2793 773 2868 loquatur,
787 2803 817 2850 et
830 2793 924 2851 audax

226 2873 342 2949 Pythias
355 2884 489 2931 emuncto
503 2873 613 2930 lucrata
628 2873 746 2930 Simone
756 2872 904 2945 talentum,

226 2953 275 3010 An
289 2963 384 3011 custos
398 2951 575 3027 famulusque
589 2952 635 3009 dei
651 2951 766 3009 Silenus
781 2952 898 3009 alumni

225 3031 271 3090 Ex
284 3044 350 3091 noto
364 3032 463 3091 fictum
476 3050 592 3089 carmen
606 3050 717 3105 sequar,
726 3041 758 3088 ut
771 3030 824 3087 sibi
838 3031 929 3106 quivis

225 3112 328 3188 Speret
342 3112 434 3181 idem;
455 3110 539 3167 surlet
551 3106 673 3167 multum
687 3107 846 3184 frustrdque
859 3110 967 3166 laboret

225 3191 324 3248 Ausus
338 3191 430 3247 idem:
452 3173 564 3245 tantimi
578 3176 687 3243 serles'
677 3197 867 3262 yunctnraque
881 3187 977 3262 pollet,

225 3267 356 3328 Tantum
369 3268 405 3325 de
421 3267 514 3324 medio
528 3266 647 3341 sumptis
661 3264 774 3322 accedit
784 3266 908 3322 honoris.

226 3349 310 3406 Silvis
324 3346 439 3405 deducti
453 3355 581 3417 caveant,
595 3362 642 3401 me
653 3343 762 3439 judice,
774 3342 878 3420 Fauni,

225 3426 283 3501 Ne,
297 3426 394 3485 velut
387 3424 478 3483 innati
488 3424 578 3482 triviis
591 3442 626 3481 ac
638 3440 714 3499 pene
730 3423 865 3496 forenses,

229 3474 288 3565 Au't
300 3503 422 3564 nimium
435 3504 542 3562 teneris
552 3503 730 3593 juvenantur
739 3503 867 3561 versibus
879 3522 1015 3579 unquam,

226 3587 288 3644 Aut
298 3585 447 3643 immunda
460 3595 579 3659 crepent
592 3582 837 3659 ignominiosaque
851 3577 944 3640 dicta:

223 3665 418 3723 Offenduntur
430 3663 518 3735 enim,
531 3661 634 3738 quibus
647 3673 692 3720 est
703 3680 793 3739 equus
806 3673 836 3720 et
847 3674 927 3739 pater
940 3675 969 3721 et
981 3681 1043 3734 ιρις

225 3743 300 3818 Nec,
315 3745 338 3802 si
352 3744 418 3819 quid
434 3742 508 3800 fricti
522 3742 625 3799 ciceris
639 3743 737 3817 probat
750 3754 779 3799 et
793 3744 876 3799 nucis
889 3752 1010 3818 emptor,

284 3822 328 3880 uis
341 3822 486 3898 accipiunt
499 3819 603 3879 animis
617 3822 758 3879 donantve
772 3822 886 3879 corona.

225 3822 379 3999 ίῗὸιιὶἰιιῐιιι
393 3901 478 3979 longa
489 3901 567 3959 brevi
581 3900 709 3977 subjecta
721 3911 837 3958 vocatur
851 3899 985 3957 Iambus:
