2617 4442
216 378 271 437 161
537 376 568 433 Q.
586 374 733 424 nostru
750 373 877 424 FLACCI

252 519 356 578 Crocus
370 519 422 577 iter
436 528 592 577 monstrare
606 519 690 578 velit:
711 529 807 577 tamen
821 518 918 594 aspice
931 517 956 576 si
969 520 1038 595 quid

251 598 290 658 Et
303 618 366 671 nos,
379 598 454 673 quod
467 617 551 656 cures
565 599 710 675 proprium
723 598 834 671 fecisse,
848 598 1005 673 loquamur.
1182 602 1201 659 ὃ

292 678 325 735 si
339 689 367 735 te
380 688 460 753 grata
472 678 552 753 quies
566 688 595 735 et
608 679 729 754 primam
742 696 860 735 somnus
873 677 904 734 in
918 678 1018 735 horam

252 756 400 828 Delectat3
422 757 445 815 si
459 769 487 815 te
501 756 592 832 pulvis
606 756 794 833 strepitusque
809 767 943 829 rotarum,

253 836 285 893 si
299 835 377 895 laedit
391 854 530 912 caupona,
545 835 733 894 Ferentinum
747 835 787 892 ire
798 835 922 911 jubebo:

251 914 329 973 Num
339 934 433 992 neque
446 914 580 973 divitibus
593 916 765 990 contingunt
777 914 883 989 gaudia
895 914 976 984 solis;

251 992 317 1052 Nec
331 996 399 1053 vixit
412 991 497 1067 male,
511 994 559 1069 qui
570 1005 654 1051 natus
669 994 846 1091 moriensque
861 992 966 1051 fefellit„
1166 996 1201 1053 10

253 1074 285 1130 Si
299 1075 432 1149 prodesse
446 1074 512 1146 tuis,
526 1070 669 1150 paulbque
684 1072 836 1148 benignius
849 1072 942 1147 ipsum

251 1151 298 1209 Te
311 1161 432 1211 tractare
445 1153 530 1224 voles,
545 1154 666 1210 accedes
679 1152 774 1209 siccus
788 1151 824 1207 ad
835 1159 962 1209 unctum.

253 1237 270 1262 “
284 1231 316 1288 Si
329 1233 481 1309 pranderet
490 1232 553 1289 olus
565 1231 715 1309 patienter,
729 1230 844 1306 regibus
857 1232 899 1288 uti

251 1308 349 1368 Nollet
363 1311 552 1387 Aristippus.’'
595 1315 613 1341 “
629 1311 662 1367 Si
676 1310 762 1367 sciret
774 1309 889 1385 regibus
902 1309 954 1383 uti,

252 1389 405 1449 Fastidiret
417 1391 490 1463 olus,
504 1390 553 1466 qui
566 1409 613 1447 me
628 1390 734 1448 notat.”
776 1388 875 1446 Utrius
888 1390 989 1446 horum
1166 1389 1201 1446 15

251 1469 348 1527 Verba
360 1470 462 1546 probes
475 1481 504 1527 et
518 1469 601 1539 facta,
616 1470 688 1527 doce
700 1488 707 1539 ;
728 1467 773 1524 vel
785 1467 881 1544 junior
894 1468 962 1525 audi

252 1548 312 1606 Cur
326 1549 363 1607 sit
375 1548 513 1625 Aristippi
526 1549 616 1625 potior
627 1548 778 1606 sententia.
818 1546 952 1622 Namque

251 1626 418 1685 Mordaoem
433 1628 575 1703 Cynicum
589 1628 630 1685 sic
644 1627 785 1699 eludebat,
799 1636 831 1684 ut
844 1625 942 1683 aiunt:

253 1710 270 1736 “
284 1707 403 1765 Sourror
413 1727 467 1783 ego
481 1707 540 1782 ipse
554 1708 633 1779 mihi,
648 1706 752 1783 populo
766 1717 813 1775 tu3
834 1705 940 1763 rectius
953 1705 1008 1762 hoc
1021 1715 1051 1763 et

252 1785 435 1860 Splendidius
448 1783 538 1843 multd
552 1797 610 1843 est:
632 1804 722 1861 equus
734 1796 767 1842 ut
779 1803 826 1842 me
839 1796 941 1861 portet,
952 1785 1009 1844 alat
1021 1804 1081 1857 rex,
1163 1785 1201 1843 ‘Al

251 1863 387 1921 Officium
401 1864 475 1921 facio
483 1883 492 1933 ;
512 1874 543 1922 tu
556 1865 650 1939 poscis
664 1865 731 1922 vilia
743 1883 848 1935 rerum,

251 1941 346 1999 Dante
361 1943 462 2015 minor,
476 1944 603 2018 quamvis
617 1943 673 2000 fers
687 1954 715 2000 te
728 1944 835 2000 nullius
848 1944 1008 2019 egentem.’'

251 2020 354 2078 Omnis
367 2022 543 2097 Aristippum
558 2022 655 2079 decuit
668 2022 745 2080 color
759 2034 788 2080 et
801 2032 890 2079 status
903 2033 933 2079 et
945 2041 1001 2095 res,

252 2100 427 2158 Tentuntem
441 2100 556 2177 majora,
572 2099 631 2158 ferd
645 2101 833 2177 praesentibus
847 2119 968 2177 aequum.

252 2178 370 2251 Contrb,
384 2198 468 2255 quem
483 2180 590 2256 duplici
603 2200 700 2257 panno
712 2180 849 2258 patientia
862 2181 946 2253 relat,

252 2258 388 2332 Mirabor,
403 2259 466 2317 vitae
481 2260 525 2317 via
539 2260 563 2318 si
577 2279 714 2317 conversa
727 2259 850 2317 decebit.

252 2339 333 2396 Alter
346 2358 519 2415 purpureum
533 2359 592 2398 nou
606 2340 783 2415 exspectabit
795 2339 943 2410 amictum,

251 2416 403 2479 Quidlibet
411 2420 528 2477 indutus
541 2420 726 2477 celeberrima
735 2438 786 2494 per
799 2419 862 2475 loca
875 2419 968 2490 vadet,

251 2497 461 2573 Personamque
476 2499 547 2556 feret
560 2518 617 2557 non
632 2498 824 2556 inconcinnus
837 2508 1003 2572 utramque:

251 2576 334 2633 Alter
348 2575 441 2634 Mileti
454 2588 559 2634 textum
573 2596 645 2635 cane
659 2578 740 2654 pejus
753 2588 783 2635 et
795 2594 890 2652 angue

252 2653 362 2711 Vitubit
374 2655 569 2731 chlamydem
591 2658 726 2715 morietur
738 2656 850 2732 frigore,
864 2655 889 2711 si
902 2674 960 2713 non

252 2731 409 2790 Rettuleris
422 2753 564 2809 pannum:
584 2735 668 2808 refer,
682 2747 712 2793 et
725 2736 787 2792 sine
801 2735 876 2792 vivat
889 2735 1010 2809 ineptus.

290 2811 352 2868 Res
364 2830 463 2887 gerere
477 2824 506 2870 et
519 2826 616 2890 captor
629 2816 779 2872 ostendere
793 2813 902 2890 civibus
917 2814 1020 2885 hostes,

251 2890 375 2965 Attingit
388 2891 488 2948 solium
503 2891 582 2950 lovis
595 2903 623 2950 et
637 2894 764 2951 coelestia
776 2903 883 2952 tentat:

251 2969 431 3045 Principibus
444 2970 584 3046 placuisse
599 2972 676 3044 viris,
691 2992 749 3030 non
760 2973 859 3030 ultima
873 2972 935 3029 laus
948 2981 1000 3028 est.

251 3048 318 3107 Non
333 3048 423 3106 cuivis
437 3050 544 3108 homini
557 3051 698 3127 contingit
710 3052 789 3109 adire
803 3051 982 3109 Corinthum.

252 3129 343 3200 Sedit,
353 3129 402 3204 qui
415 3129 509 3188 timuit
522 3150 559 3187 ne
573 3150 631 3189 non
646 3132 813 3188 succederet
824 3151 832 3200 ;
854 3142 934 3189 esto:

250 3207 352 3270 Quidl
372 3208 421 3283 qui
435 3210 571 3285 pervenit,
583 3210 688 3268 fecitne
702 3210 838 3268 viriliterl
859 3209 949 3284 Atqui

252 3287 311 3345 Illo
325 3299 377 3360 est,
392 3299 439 3346 aut
453 3308 602 3365 nusquam,
616 3290 692 3365 qnod
705 3290 874 3365 querimus:
897 3290 944 3345 hic
957 3304 1030 3344 onus
1042 3285 1148 3359 horret,

251 3366 289 3424 Ut
302 3368 394 3442 parvis
407 3367 509 3425 animis
520 3379 548 3425 et
561 3388 647 3445 parvo
661 3387 777 3443 corpore
791 3368 882 3443 majus
893 3387 901 3437 ;
1159 3364 1195 3421 40

251 3444 310 3502 llic
323 3444 398 3502 subit
411 3456 440 3503 et
453 3446 565 3521 perfert.
605 3447 668 3504 Aut
681 3448 769 3504 virtus
782 3466 887 3504 nomen
901 3445 987 3502 inane
1000 3454 1053 3516 est,

251 3523 312 3580 Aut
326 3523 414 3579 decus
427 3534 455 3579 et
468 3525 589 3599 pretium
603 3523 682 3583 recte
696 3526 766 3601 petit
779 3526 929 3601 experiens
942 3525 992 3581 vir.

291 3600 395 3658 Coram
409 3620 476 3677 rege
490 3602 541 3658 sud
555 3603 590 3659 de
603 3615 768 3679 paupertate
782 3615 911 3662 tacentes

252 3678 320 3737 Plus
333 3691 469 3756 poscente
483 3680 581 3737 ferent.
623 3681 727 3754 Distat,
739 3701 873 3739 sumasne
883 3682 1033 3758 pudenter,

252 3758 301 3815 Au
314 3758 422 3835 rapias:
444 3759 520 3834 etqui
534 3778 629 3817 rerum
642 3772 728 3836 caput
741 3762 796 3819 hoc
809 3773 879 3833 erat,
894 3761 942 3818 hic
956 3760 1028 3817 fons.
1158 3758 1193 3815 45

251 3836 416 3895 “indotata
429 3838 498 3895 mihi
512 3857 589 3896 soror
602 3850 654 3912 est,
669 3840 842 3916 paupercula
857 3851 957 3909 mater,
1276 3823 1277 3880 l

251 3914 289 3973 Et
303 3914 407 3975 fundus
420 3934 475 3975 nec
489 3917 648 3993 vendibilis,
663 3937 718 3976 nec
730 3937 849 3995 pascere
861 3914 987 3991 firmus,”
