2617 4442
515 350 548 410 Q.
565 351 713 401 HORATII
730 351 855 401 FLACCI

509 492 540 553 N
541 515 573 554 os
587 496 765 555 cantabimus
778 494 904 554 invicem

348 573 528 655 Neptunum,
537 585 567 633 et
580 575 683 634 virides
697 575 859 633 Nereidum
872 593 987 634 comas:

508 653 558 713 Tu
571 656 659 712 curvi
672 655 785 714 recines
798 653 860 730 lyra

348 735 500 809 Latonam,
514 743 543 792 et
557 734 658 792 celeris
672 734 783 812 spicula
793 733 944 810 Cynthiae:

510 814 630 873 Summo
643 814 782 887 carmine,
797 831 860 889 quae
874 812 990 871 Cnidon

349 894 563 972 Fulgentesque
577 904 657 953 tenet
670 893 822 970 Cycladas,
836 902 866 951 et
877 892 997 970 Paphon

508 971 528 1029 J
529 973 624 1031 unctis
637 973 703 1032 visit
715 973 859 1032 oloribus:

349 1051 471 1112 Dicetur
483 1051 586 1110 meriti
600 1051 668 1112 Nox
681 1071 792 1130 quoque
802 1050 905 1110 naenid„

579 1367 665 1426 ODE
685 1367 808 1429 XXIII.

550 1507 590 1546 An
611 1506 820 1546 MAECENATEM.

352 1608 529 1667 umanum
549 1626 651 1684 regum
664 1607 827 1684 progenies,
840 1605 892 1666 tibi

352 1687 422 1747 Non
436 1685 503 1745 antd
517 1707 598 1745 verso
611 1687 677 1744 lene
691 1705 803 1744 merum
815 1687 888 1744 cado

393 1766 469 1826 cnm
483 1764 561 1838 flore,
576 1764 734 1838 Maeoenas,
748 1784 886 1839 rosarum,
900 1775 930 1824 et

432 1845 535 1903 Pressa
548 1845 605 1902 tuis
619 1844 739 1901 balanus
753 1845 863 1920 capillis

352 1924 529 1983 Iamdudum
545 1924 620 2000 apud
635 1943 682 1980 me
696 1933 747 1980 est.
790 1923 878 2000 Eripe
891 1933 920 1982 te
934 1942 1037 1984 morae:

354 2003 403 2062 Ne
418 2022 529 2079 semper
543 2004 633 2060 udum
647 2002 742 2061 Tibur
756 2012 785 2061 et
798 2003 909 2060 AEsulae

393 2083 512 2142 Declive
527 2082 727 2159 contempleris
741 2101 849 2155 arvum,
864 2093 894 2141 et

432 2162 575 2239 Telegoni
587 2162 658 2239 juga
670 2161 828 2238 parricidae.

354 2237 544 2300 Fastidiosam
559 2244 659 2300 desere
673 2242 796 2318 copiam,
809 2252 839 2300 et

355 2321 464 2382 Molem
477 2322 664 2399 propinquam
677 2322 802 2380 nubibus
815 2321 928 2381 arduis:

394 2401 504 2460 Omitte
518 2402 614 2460 mirari
629 2402 719 2459 beate
779 2455 781 2459 .

434 2480 560 2539 Fumum
574 2492 603 2538 et
615 2500 684 2556 opes
697 2481 901 2558 strepitumque
914 2480 1027 2540 Romae.

355 2558 527 2635 Plerumque
541 2569 629 2634 gratae
643 2559 778 2617 divitibus
791 2561 869 2618 vices
880 2579 888 2630 ;

298 2681 302 2686 -
354 2638 531 2713 Mundaeque
544 2657 630 2714 parvo
644 2638 697 2695 sub
711 2639 769 2697 lare
782 2658 940 2716 pauperum

395 2718 505 2789 Coenae,
520 2717 582 2775 sine
596 2717 694 2775 aulaeis
708 2730 737 2776 et
750 2729 836 2792 ostro,

435 2796 593 2855 Sollicitam
607 2796 771 2874 explicuere
786 2799 916 2856 frontem.

355 2874 422 2933 Iam
436 2875 530 2934 clarus
543 2877 687 2934 occultum
699 2878 900 2936 Andromedae
909 2887 990 2953 pater

354 2955 492 3015 Ostendit
505 2955 620 3034 ignem:
640 2956 699 3034 jam
713 2957 844 3036 Procyon
858 2957 936 3030 furit,

394 3035 433 3093 Et
446 3035 527 3093 stella
541 3037 640 3094 vesani
654 3036 770 3109 Leonis,

436 3115 504 3174 Sole
518 3116 580 3173 dies
593 3115 733 3174 referente
747 3117 848 3175 siccos.

354 3194 373 3253 J
376 3213 422 3253 am
435 3206 529 3272 pastor
544 3197 659 3253 umbras
673 3215 740 3254 cum
753 3214 840 3273 grege
854 3193 992 3272 languido

354 3275 519 3352 Rivumque
533 3277 625 3336 fessus
638 3276 748 3352 quaerit,
762 3286 791 3333 et
805 3274 912 3333 horridi

394 3355 521 3413 Dumeta
536 3357 662 3425 Silvani3
684 3367 818 3431 caretque

434 3434 513 3510 Ripa
526 3435 604 3510 vagis
618 3435 761 3492 taciturna
774 3435 875 3494 ventis.

354 3511 404 3570 Tu
418 3512 562 3570 civitatem
576 3514 640 3588 quis
654 3515 756 3572 deceat
769 3524 859 3573 status

354 3590 456 3663 Cures,
470 3601 500 3649 et
513 3591 583 3648 Urbi
594 3592 732 3650 sollicitus
742 3593 826 3651 times

392 3670 476 3732 Quid
491 3671 576 3728 Seres
589 3683 619 3729 et
632 3682 752 3748 regnata
765 3673 842 3748 Cyro

435 3749 540 3809 Bactra
553 3761 663 3826 parent,
678 3751 845 3827 Tanaisque
860 3752 978 3810 discors.

357 3827 488 3887 Prudens
503 3830 589 3889 futuri
603 3831 737 3907 temporis
751 3832 859 3889 exitum

357 3907 523 3987 cuiginost
537 3920 621 3968 nocte
634 3909 738 3988 premit
751 3909 849 3982 Deus,
