2617 4442
537 365 736 412 CAllMlNUM
756 365 821 411 LlB.
840 367 875 412 ll.

367 507 463 565 Lectus
477 508 507 564 in
520 525 645 582 praesens
660 507 772 563 uuirnus
785 509 862 582 quod
876 508 952 569 ultrd
964 520 1010 570 est

365 587 467 644 Oderit
480 604 590 658 curere,
604 597 634 643 et
647 605 745 642 amare
757 587 836 645 lento

366 665 523 741 Temperet
536 666 603 722 risu.
645 664 728 722 Nihil
742 676 786 723 est
799 667 835 723 ab
849 667 927 725 omni

562 744 646 802 Parte
661 744 785 802 beatum.

366 823 494 881 Abstulit
507 823 616 881 clarum
630 823 689 880 cita
702 843 778 881 mors
792 825 953 896 Acbillem;

365 903 465 979 Longu
479 901 639 960 Tithonum
653 903 758 960 minuit
770 914 922 976 senectus3

365 981 403 1040 Et
416 982 486 1039 mihi
501 982 606 1058 forsan,
620 981 672 1038 tibi
686 982 761 1056 quod
774 983 896 1058 negdrit,

563 1060 692 1136 Porriget
706 1061 782 1118 horn

366 1139 413 1198 Te
426 1159 528 1216 greges
542 1150 659 1198 centum
674 1140 837 1217 Siculaeque
850 1111 962 1198 circuin

365 1218 502 1296 Mugiunt
515 1236 629 1290 veccae3
651 1219 704 1276 tibi
717 1220 790 1277 tollit
803 1220 947 1277 hinnitum

365 1298 443 1375 Apte
455 1298 599 1374 quadrigis
612 1317 701 1375 equn3
722 1308 751 1356 te
765 1299 810 1356 bis
823 1299 896 1358 Afro

562 1376 676 1435 Murice
689 1379 786 1435 tinctae

365 1455 501 1514 Vestiunt
512 1455 603 1512 laute:
622 1457 694 1513 mihi
707 1476 793 1531 parve
806 1475 872 1514 rurs
885 1466 915 1514 et

367 1534 506 1610 Spiritum
518 1533 613 1590 Grsiae
626 1544 744 1591 tenuem
757 1534 905 1592 Cumoenae

365 1612 458 1671 Parce
470 1630 529 1670 non
542 1612 667 1669 mendax
680 1612 769 1684 dedit,
783 1622 812 1670 et
825 1611 983 1690 malignum

564 1691 706 1767 Spemere
720 1690 829 1768 vulgus.

610 2005 696 2065 ODE
708 2006 793 2068 XIV.

482 2147 522 2187 An
536 2145 738 2187 MAECENA'I'EM
757 2145 920 2186 AEGROTUM·

365 2245 432 2306 Cun
444 2265 492 2304 me
504 2246 627 2322 querelis
640 2245 788 2302 exanimes
800 2245 857 2302 tuis
867 2245 880 2301 l

366 2324 432 2383 Nec
445 2323 491 2382 dis
504 2325 630 2382 amicum
643 2334 696 2394 est,
711 2341 766 2379 nec
779 2323 859 2396 mibi,
872 2332 902 2378 ts
914 2318 994 2398 prius

405 2401 506 2476 Obire,
520 2401 677 2474 Maeceues,
691 2418 820 2458 mearum

444 2482 561 2540 Grande
576 2483 666 2539 decus
679 2480 869 2555 columenque
882 2497 986 2538 rerum.

365 2562 433 2620 Ah!
455 2571 483 2619 te
496 2579 569 2619 meae
582 2561 606 2618 si
620 2570 729 2637 purtem
744 2559 846 2617 anime
860 2559 934 2638 rnpit

365 2640 503 2700 Maturior
516 2641 568 2714 vis,
582 2641 650 2716 quid
665 2657 758 2698 moror
772 2640 869 2712 alters,

404 2718 470 2778 Nec
484 2739 568 2778 carus
582 2717 674 2796 aequd,
688 2737 744 2776 nec
757 2731 901 2795 superstes

442 2799 559 2877 Integer
566 2801 579 2857 'l
599 2799 652 2856 Ille
667 2799 728 2856 dies
742 2809 890 2874 utramque

364 2878 460 2937 Ducet
472 2880 594 2938 ruinam.
635 2877 666 2934 N
668 2897 706 2936 on
720 2897 774 2954 ego
786 2878 927 2953 perfidum

363 2957 431 3016 Dixi
445 2969 672 3017 sacramentum:
694 2957 807 3029 ibimus,
822 2957 936 3030 ibimus,

405 3037 557 3114 Utcunque
571 3037 727 3114 praecedes,
742 3053 907 3113 supremum

441 3117 567 3194 Carpere
582 3117 634 3174 iter
648 3117 768 3173 comites
780 3115 880 3191 parati.

365 3192 414 3251 Me
428 3214 482 3252 uec
497 3195 649 3252 Chimaerae
663 3194 778 3266 spiritus
791 3195 894 3269 igueae,

365 3271 440 3344 Nec,
454 3273 478 3330 si
492 3282 621 3347 resurgat
635 3271 816 3327 centimanus
829 3271 937 3346 Gyges,

404 3350 527 3408 Divellet
541 3367 666 3425 unquam
677 3368 683 3405 :
705 3349 746 3406 sic
759 3349 868 3425 potenti

442 3429 462 3486 J
463 3429 566 3487 ustitiae
579 3428 771 3506 placitumque
785 3429 891 3489 Parcis.

364 3509 425 3566 Seu
438 3509 534 3581 Libra,
549 3526 600 3566 seu
614 3527 661 3565 me
676 3509 811 3586 Scorpius
824 3510 926 3588 aspicit

364 3588 587 3661 Formidolosus,
601 3607 666 3664 pers
681 3588 827 3647 violentior

403 3667 515 3725 Natalis
529 3669 615 3740 hore,
630 3686 682 3724 seu
695 3678 833 3743 tyrannus

443 3746 591 3823 llesperiae
605 3746 800 3823 Capricornus
812 3747 912 3816 undae;

363 3825 521 3901 Utrumque
535 3826 664 3884 nostrum
678 3825 838 3884 incredibili
851 3827 936 3883 modo

364 3905 516 3964 Consentit
526 3917 642 3964 astrum.
684 3906 731 3963 Te
744 3904 823 3963 lovis
836 3904 924 3980 impio
