2617 4442
531 381 672 432 monos
689 381 803 434 aissa
1119 389 1157 450 81

324 523 464 602 Priusqne
478 525 583 584 ooelum
597 525 672 584 sidet
685 526 804 585 inferius
817 527 900 602 msri,

483 604 602 663 Tellure
614 607 747 681 porreeti
761 625 855 682 super,
1118 611 1158 669 80

324 681 424 747 Quem
437 703 495 744 non
510 703 606 744 amore
620 685 664 742 sio
676 704 741 743 meo
756 685 869 761 flagres,
882 683 926 746 uti

483 763 619 822 Ritumen
633 764 703 822 atris
715 764 858 840 ignibus.''

326 842 387 901 Sub
401 843 464 901 haee
477 862 549 919 puer
560 843 620 920 jam
633 861 702 915 non,
716 854 749 902 ut
763 842 841 917 ante,
855 843 988 903 mollibus

483 921 589 980 Lenire
603 922 697 979 verbis
710 922 826 998 impias3

327 1000 395 1074 Sed,
409 1000 514 1059 dubius
527 1002 606 1059 unde
619 1012 765 1078 rumperet
778 1001 933 1076 silentium,

484 1079 565 1139 Misit
579 1079 741 1155 Thyesteas
753 1100 871 1156 preces:

326 1163 344 1190 “
354 1158 487 1231 Venena,
503 1177 640 1236 magnum
655 1159 697 1216 fas
710 1160 856 1235 nefasque,
870 1178 929 1220 non
942 1159 1038 1220 valent

367 1272 372 1280 =
485 1237 659 1296 Convertere
674 1239 829 1296 humanam
842 1239 943 1299 vioem.

326 1316 403 1375 Diris
417 1335 501 1394 agam
514 1337 581 1376 vos:
602 1318 665 1375 dira
677 1318 828 1378 detestatio

483 1395 573 1454 Nulla
586 1397 716 1473 expiatur
729 1397 855 1457 victimis.

323 1474 417 1548 Quin,
431 1474 481 1532 ubi
494 1475 586 1550 perire
597 1479 694 1550 jussus
707 1476 896 1551 exspiravere,

484 1552 652 1612 Nocturnus
666 1573 817 1612 ooourram
830 1554 933 1627 Furor,

324 1632 481 1708 Petamque
494 1633 588 1690 vultus
601 1633 704 1692 umbia
716 1633 810 1692 cursis
823 1634 978 1710 unguibus,

483 1711 560 1774 Quae
574 1713 616 1770 vis
630 1711 761 1770 Deorum
773 1724 817 1771 est
830 1711 979 1784 Manium

324 1789 363 1849 Et
376 1791 513 1868 inquietis
525 1791 660 1850 adsidens
673 1792 847 1868 precordiis,
869 1807 871 1821 ¹
1116 1792 1157 1852 95

482 1870 590 1930 Pavore
604 1890 719 1931 somnos
729 1871 864 1931 auferam.

324 1949 386 2009 Vos
397 1949 481 2008 turba
494 1951 608 2008 vicatim
623 1951 693 2010 hino
705 1961 735 2008 et
747 1952 817 2011 hino
830 1950 908 2015 suxis
916 1961 1018 2028 petent!

481 2029 647 2088 Contundet
660 2031 812 2089 obsooenas
824 2050 906 2090 anus.

323 2104 393 2167 Pdst
405 2108 549 2185 insepulta
562 2111 692 2168 membra
705 2109 839 2168 different
851 2109 914 2187 lupi

381 2235 383 2238 -
481 2187 519 2248 Et
533 2189 692 2264 Esquiline
705 2189 805 2247 alites:
1099 2189 1156 2249 100

322 2265 426 2344 Neque
440 2267 496 2325 hoe
508 2278 653 2342 parentes,
668 2268 742 2325 heul
764 2267 836 2325 mihi
849 2267 1030 2344 superstites!

483 2345 624 2422 Effugerit
637 2346 862 2422 spectaculum.''

577 2742 664 2802 ODE
683 2741 738 2802 VI.

303 2880 335 2920 IN
356 2881 485 2922 CASSIUM
507 2880 659 2936 SEVERUM,
679 2881 803 2920 Pos'rnu
823 2882 1013 2926 MALEDIGUH.

320 2979 407 3043 Qum
420 2980 604 3038 immerentes
617 2981 742 3056 hospites
755 3001 851 3057 vexas,
865 2985 956 3061 oanis,

478 3058 604 3135 Ignarus
618 3061 768 3118 adversum
781 3062 884 3138 luposl

321 3137 404 3201 Quin
418 3139 476 3196 huo
490 3140 601 3211 inanes,
615 3140 640 3196 si
653 3150 744 3216 potes,
758 3141 843 3198 vertis
856 3142 961 3217 minas,

480 3217 518 3275 Et
531 3237 579 3274 me
593 3236 787 3275 remorsurum
799 3220 893 3295 petisl

322 3295 410 3370 Nam,
424 3296 515 3373 qualis
529 3306 579 3353 aut
592 3293 736 3353 Molossus
750 3307 799 3352 aut
813 3296 906 3356 fulvus
918 3298 1027 3376 Laron,
1131 3303 1154 3365 5

480 3375 585 3432 Amica
599 3373 641 3432 vis
654 3374 824 3450 pastoribus,

322 3455 416 3532 Agam
430 3473 481 3532 per
496 3453 566 3511 altas
581 3471 649 3510 sure
664 3454 776 3512 sublati
788 3455 878 3530 nives,

478 3531 671 3608 Quaecunque
683 3535 828 3610 praeoedet
840 3535 908 3596 fers.

322 3611 381 3686 Tu,
395 3630 483 3688 quum
497 3611 625 3670 timendi
638 3631 709 3671 voce
723 3612 873 3691 eompldsti
886 3636 999 3694 nemus,

481 3689 643 3767 Projeotum
657 3691 784 3751 odoraris
797 3694 903 3754 eibum.
1114 3697 1152 3758 1⁰

322 3769 411 3844 Cave,
425 3788 505 3842 eave,
519 3789 641 3846 namque
655 3771 686 3829 in
699 3773 790 3831 malos
802 3773 974 3851 asperrimus

479 3849 582 3909 Parata
594 3850 665 3910 tollo
677 3869 801 3929 cornua:
