2617 4442
482 384 684 434 CARMINUM
700 385 767 433 LIB.
785 385 835 435 111.

395 528 431 588 In
444 529 563 605 patriam
576 528 768 606 populumque
782 527 871 587 fluxit

317 609 413 668 Motus
426 609 523 666 doceri
536 609 642 684 gaudet
656 607 771 666 Ionicos

316 688 431 747 Matura
443 687 531 764 virgo,
546 697 576 744 et
588 686 705 762 lingitur
718 687 842 745 artibus:

356 766 422 825 Jam
436 785 515 823 nunc
529 776 559 823 et
572 766 699 823 incestos
713 784 823 822 amores

395 844 440 902 De
453 856 554 903 tenero
567 843 720 901 meditatur
733 844 833 919 ungui.

316 923 385 983 Non
393 923 443 980 -his
453 923 587 1000 juventus
601 933 663 980 orta
675 922 841 998 parentibus

316 1003 421 1062 Infecit
436 1017 529 1078 aequor
543 1002 684 1078 sanguine
697 1002 818 1074 Punico,

356 1082 552 1158 Pyrrhumque
566 1092 595 1139 et
608 1082 756 1156 ingentem
770 1080 875 1138 cecidit

395 1160 581 1232 Antiochum,
596 1159 847 1236 Hannibalemque
860 1158 971 1218 dirum:

317 1240 376 1298 Sed
389 1240 557 1298 rusticorum
571 1239 699 1296 mascula
711 1239 834 1297 militum

309 1319 424 1398 Proles,
439 1318 559 1376 Sabellis
572 1319 658 1377 docta
670 1318 814 1394 ligonibus

357 1397 479 1455 Versare
493 1398 599 1473 glebae,
613 1408 642 1454 et
655 1416 761 1454 severae

397 1474 498 1533 Matris
512 1477 548 1532 ad
562 1475 710 1532 arbitrium
723 1475 831 1532 recisos

317 1555 435 1614 Portare
449 1554 547 1626 fustes,
561 1554 601 1611 sol
616 1554 667 1609 ubi
679 1554 819 1610 montium

318 1634 446 1693 Mutaret
458 1633 582 1704 umbras,
596 1641 626 1689 et
636 1631 706 1707 juga
719 1631 848 1688 demeret

358 1712 455 1771 Bobus
469 1711 601 1787 fatigatis,
617 1711 742 1767 amioum

398 1789 527 1867 Tempus
541 1808 630 1866 agens
643 1790 767 1847 abeunte
780 1806 875 1846 curru.

318 1871 464 1930 Damnosa
476 1869 545 1945 quid
559 1888 618 1927 non
632 1867 776 1926 imminuit
789 1868 869 1926 diesl

319 1951 401 2010 AEtur
413 1949 573 2026 parenthm‚
585 1947 666 2024 pejor
680 1947 749 2020 avis,
762 1947 827 2005 tulit

331 2036 335 2043 ’
358 2027 419 2089 Nos
432 2028 592 2104 nequiores,
607 2045 674 2084 mox
687 2027 803 2084 daturos

397 2107 568 2184 Progeniem
581 2105 761 2164 vitiosiorem.

506 2297 805 2312 ——n—-———-

570 2419 655 2477 ODE
676 2417 746 2478 VII.

527 2558 568 2597 AD
581 2556 791 2598 MEGENA'I'BM·

320 2662 454 2721 Mnnrns
468 2659 574 2717 coelebs
586 2659 655 2734 quid
670 2677 753 2735 agam
768 2656 909 2732 kalendis,

320 2742 403 2805 Quid
416 2739 504 2798 velint
518 2737 610 2811 flores,
625 2749 653 2795 et
668 2756 766 2794 acerra
777 2737 870 2794 thuris

322 2822 422 2895 Plena,
435 2818 557 2891 miraris,
571 2818 734 2894 positusque
748 2816 834 2874 carbo
848 2817 879 2874 111

517 2897 634 2974 Cespite
647 2897 720 2968 vivo,

321 2979 413 3038 Docte
427 2995 571 3034 sermones
586 2975 732 3050 utriusque
745 2973 860 3050 lingue.

320 3057 462 3116 Voveram
476 3056 575 3113 dulces
588 3055 689 3132 epulas
699 3059 729 3109 et
740 3053 837 3110 album

321 3137 425 3195 Libero
438 3153 565 3211 caprum,
579 3131 668 3208 prope
682 3132 830 3190 funeratus

519 3212 638 3269 Arboris
652 3212 720 3267 ictu.

323 3293 382 3352 llic
393 3292 455 3349 dies
469 3309 545 3348 anno
559 3290 698 3345 redeunte
712 3287 802 3343 festus

325 3371 471 3431 Corticem
486 3367 633 3426 astrictum
646 3365 713 3441 pice
726 3363 881 3423 dimovebit

324 3451 489 3526 Amphora,
504 3446 613 3503 fumum
629 3445 726 3502 bibere
740 3444 877 3502 institute

522 3525 648 3584 Consule
660 3523 756 3583 Tullo.

325 3611 423 3680 Sume,
438 3605 593 3678 Maecenas,
608 3606 725 3681 cyathos
738 3604 824 3662 amici

325 3687 446 3763 sospitis
460 3695 592 3755 centum;
613 3694 642 3742 et
655 3685 755 3761 vigiles
768 3685 901 3741 lucernas

323 3767 421 3827 Perfer
434 3766 465 3824 in
478 3765 589 3822 lucem:
609 3764 708 3840 procul
721 3763 815 3822 omnis
828 3773 889 3820 esto

523 3843 638 3902 Clamor
651 3854 681 3900 et
691 3844 741 3901 ira.

326 3923 408 3984 Mitte
422 3922 520 3983 civiles
534 3941 618 4000 super
631 3923 710 3980 Urbe
723 3939 821 3979 curas:
