<?xml version="1.0" encoding="UTF-8"?>
<!DOCTYPE html PUBLIC "-//W3C//DTD XHTML 1.0 Transitional//EN"
    "http://www.w3.org/TR/xhtml1/DTD/xhtml1-transitional.dtd">
<html xmlns="http://www.w3.org/1999/xhtml" xml:lang="en" lang="en">
 <head>
  <title>
</title>
<meta http-equiv="Content-Type" content="text/html;charset=utf-8" />
  <meta name='ocr-system' content='tesseract 3.04.00' />
  <meta name='ocr-capabilities' content='ocr_page ocr_carea ocr_par ocr_line ocrx_word'/>
</head>
<body>
  <div class='ocr_page' id='page_1' title='image "./opera03horagoog_0059.png"; bbox 0 0 2617 4442; ppageno 0'>
   <div class='ocr_carea' id='block_1_1' title="bbox 461 370 813 421">
    <p class='ocr_par' dir='ltr' id='par_1_1' title="bbox 461 370 813 421">
     <span class='ocr_line' id='line_1_1' title="bbox 461 370 813 421; baseline 0.009 -3"><span class='ocrx_word' id='word_1_1' title='bbox 461 370 661 420; x_wconf 80' lang='lat' dir='ltr'><strong>CARMINUM</strong></span> <span class='ocrx_word' id='word_1_2' title='bbox 678 371 745 419; x_wconf 90' lang='lat' dir='ltr'>LIB.</span> <span class='ocrx_word' id='word_1_3' title='bbox 764 373 813 421; x_wconf 88' lang='lat'>111.</span> 
     </span>
    </p>
   </div>
   <div class='ocr_carea' id='block_1_2' title="bbox 292 512 961 2400">
    <p class='ocr_par' dir='ltr' id='par_1_2' title="bbox 292 512 961 2400">
     <span class='ocr_line' id='line_1_2' title="bbox 294 512 961 593; baseline 0.006 -22"><span class='ocrx_word' id='word_1_4' title='bbox 294 513 458 571; x_wconf 88' lang='lat' dir='ltr'><strong>Risissent:</strong></span> <span class='ocrx_word' id='word_1_5' title='bbox 479 512 538 570; x_wconf 87' lang='lat' dir='ltr'><strong>fore</strong></span> <span class='ocrx_word' id='word_1_6' title='bbox 551 513 629 570; x_wconf 90' lang='lat' dir='ltr'><strong>enim</strong></span> <span class='ocrx_word' id='word_1_7' title='bbox 643 523 736 570; x_wconf 90' lang='lat' dir='ltr'><strong>tutum</strong></span> <span class='ocrx_word' id='word_1_8' title='bbox 750 514 803 572; x_wconf 92' lang='lat' dir='ltr'><strong>iter</strong></span> <span class='ocrx_word' id='word_1_9' title='bbox 817 524 846 572; x_wconf 91' lang='lat' dir='ltr'><strong>et</strong></span> <span class='ocrx_word' id='word_1_10' title='bbox 858 526 961 593; x_wconf 85' lang='lat' dir='ltr'><strong>patens</strong></span> 
     </span>
     <span class='ocr_line' id='line_1_3' title="bbox 451 591 855 667; baseline 0.007 -19"><span class='ocrx_word' id='word_1_11' title='bbox 451 591 597 650; x_wconf 82' lang='lat' dir='ltr'><strong>Converso</strong></span> <span class='ocrx_word' id='word_1_12' title='bbox 611 592 641 648; x_wconf 92' lang='lat' dir='ltr'><strong>in</strong></span> <span class='ocrx_word' id='word_1_13' title='bbox 655 593 778 667; x_wconf 88' lang='lat' dir='ltr'><strong>pretium</strong></span> <span class='ocrx_word' id='word_1_14' title='bbox 792 595 855 651; x_wconf 90' lang='lat' dir='ltr'><strong>deo.</strong></span> 
     </span>
     <span class='ocr_line' id='line_1_4' title="bbox 296 671 810 746; baseline 0.002 -19"><span class='ocrx_word' id='word_1_15' title='bbox 296 671 408 728; x_wconf 80' lang='lat' dir='ltr'><strong>Aurum</strong></span> <span class='ocrx_word' id='word_1_16' title='bbox 421 689 471 746; x_wconf 87' lang='lat' dir='ltr'><strong>per</strong></span> <span class='ocrx_word' id='word_1_17' title='bbox 485 671 594 727; x_wconf 90' lang='lat' dir='ltr'><strong>medios</strong></span> <span class='ocrx_word' id='word_1_18' title='bbox 609 671 651 727; x_wconf 86' lang='lat' dir='ltr'><strong>ire</strong></span> <span class='ocrx_word' id='word_1_19' title='bbox 665 671 810 744; x_wconf 82' lang='lat' dir='ltr'><strong>satellites,</strong></span> 
     </span>
     <span class='ocr_line' id='line_1_5' title="bbox 296 748 866 826; baseline 0.005 -21"><span class='ocrx_word' id='word_1_20' title='bbox 296 748 334 806; x_wconf 88' lang='lat' dir='ltr'><strong>Et</strong></span> <span class='ocrx_word' id='word_1_21' title='bbox 346 768 528 825; x_wconf 85' lang='lat' dir='ltr'><strong>perrumpere</strong></span> <span class='ocrx_word' id='word_1_22' title='bbox 542 759 618 806; x_wconf 86' lang='lat' dir='ltr'><strong>amat</strong></span> <span class='ocrx_word' id='word_1_23' title='bbox 631 769 709 821; x_wconf 85' lang='lat' dir='ltr'><strong>saxa,</strong></span> <span class='ocrx_word' id='word_1_24' title='bbox 723 751 866 826; x_wconf 88' lang='lat' dir='ltr'><strong>potentius</strong></span> 
     </span>
     <span class='ocr_line' id='line_1_6' title="bbox 296 827 827 904; baseline 0.004 -20"><span class='ocrx_word' id='word_1_25' title='bbox 296 827 361 885; x_wconf 88' lang='lat' dir='ltr'><strong>Ictu</strong></span> <span class='ocrx_word' id='word_1_26' title='bbox 375 828 519 886; x_wconf 83' lang='lat' dir='ltr'><strong>fulmineo.</strong></span> <span class='ocrx_word' id='word_1_27' title='bbox 561 828 697 885; x_wconf 81' lang='lat' dir='ltr'>Concidit</span> <span class='ocrx_word' id='word_1_28' title='bbox 710 830 827 904; x_wconf 89' lang='lat' dir='ltr'><strong>auguris</strong></span> 
     </span>
     <span class='ocr_line' id='line_1_7' title="bbox 452 907 856 982; baseline 0 -18"><span class='ocrx_word' id='word_1_29' title='bbox 452 907 555 982; x_wconf 84' lang='lat' dir='ltr'><strong>Argivi</strong></span> <span class='ocrx_word' id='word_1_30' title='bbox 568 907 680 977; x_wconf 91' lang='lat' dir='ltr'><strong>domus,</strong></span> <span class='ocrx_word' id='word_1_31' title='bbox 693 907 731 964; x_wconf 93' lang='lat' dir='ltr'><strong>ob</strong></span> <span class='ocrx_word' id='word_1_32' title='bbox 743 907 856 965; x_wconf 90' lang='lat' dir='ltr'><strong>lucrum</strong></span> 
     </span>
     <span class='ocr_line' id='line_1_8' title="bbox 295 983 851 1044; baseline 0.002 -2"><span class='ocrx_word' id='word_1_33' title='bbox 295 983 434 1042; x_wconf 89' lang='lat' dir='ltr'><strong>Demersa</strong></span> <span class='ocrx_word' id='word_1_34' title='bbox 446 985 568 1043; x_wconf 89' lang='lat' dir='ltr'><strong>excidio.</strong></span> <span class='ocrx_word' id='word_1_35' title='bbox 611 984 724 1044; x_wconf 90' lang='lat' dir='ltr'><strong>Diffidit</strong></span> <span class='ocrx_word' id='word_1_36' title='bbox 737 986 851 1044; x_wconf 91' lang='lat' dir='ltr'><strong>urbium</strong></span> 
     </span>
     <span class='ocr_line' id='line_1_9' title="bbox 295 1063 896 1136; baseline 0.003 -14"><span class='ocrx_word' id='word_1_37' title='bbox 295 1063 395 1122; x_wconf 89' lang='lat' dir='ltr'><strong>Portas</strong></span> <span class='ocrx_word' id='word_1_38' title='bbox 407 1064 449 1122; x_wconf 88' lang='lat' dir='ltr'><strong>vir</strong></span> <span class='ocrx_word' id='word_1_39' title='bbox 463 1063 596 1136; x_wconf 87' lang='lat' dir='ltr'><strong>Macedo,</strong></span> <span class='ocrx_word' id='word_1_40' title='bbox 610 1074 639 1120; x_wconf 90' lang='lat' dir='ltr'><strong>et</strong></span> <span class='ocrx_word' id='word_1_41' title='bbox 652 1065 765 1122; x_wconf 88' lang='lat' dir='ltr'><strong>subruit</strong></span> <span class='ocrx_word' id='word_1_42' title='bbox 778 1065 896 1124; x_wconf 76' lang='lat' dir='ltr'><strong>emulos</strong></span> 
     </span>
     <span class='ocr_line' id='line_1_10' title="bbox 295 1140 876 1220; baseline 0.002 -20"><span class='ocrx_word' id='word_1_43' title='bbox 295 1142 394 1220; x_wconf 83' lang='lat' dir='ltr'><strong>Reges</strong></span> <span class='ocrx_word' id='word_1_44' title='bbox 407 1143 581 1200; x_wconf 88' lang='lat' dir='ltr'><strong>muneribus.</strong></span> <span class='ocrx_word' id='word_1_45' title='bbox 622 1140 748 1201; x_wconf 83' lang='lat' dir='ltr'><strong>Munera</strong></span> <span class='ocrx_word' id='word_1_46' title='bbox 760 1144 876 1202; x_wconf 86' lang='lat' dir='ltr'><strong>narium</strong></span> 
     </span>
     <span class='ocr_line' id='line_1_11' title="bbox 453 1222 827 1297; baseline 0.003 -18"><span class='ocrx_word' id='word_1_47' title='bbox 453 1223 549 1280; x_wconf 82' lang='lat' dir='ltr'><strong>Saevos</strong></span> <span class='ocrx_word' id='word_1_48' title='bbox 563 1222 716 1297; x_wconf 80' lang='lat' dir='ltr'><strong>illaqueant</strong></span> <span class='ocrx_word' id='word_1_49' title='bbox 729 1224 827 1280; x_wconf 90' lang='lat' dir='ltr'><strong>duces.</strong></span> 
     </span>
     <span class='ocr_line' id='line_1_12' title="bbox 296 1301 881 1377; baseline 0 -18"><span class='ocrx_word' id='word_1_50' title='bbox 296 1301 481 1359; x_wconf 84' lang='lat' dir='ltr'><strong>Crescentem</strong></span> <span class='ocrx_word' id='word_1_51' title='bbox 495 1301 620 1376; x_wconf 90' lang='lat' dir='ltr'><strong>sequitur</strong></span> <span class='ocrx_word' id='word_1_52' title='bbox 634 1320 705 1359; x_wconf 86' lang='lat' dir='ltr'><strong>cura</strong></span> <span class='ocrx_word' id='word_1_53' title='bbox 716 1302 881 1377; x_wconf 88' lang='lat' dir='ltr'><strong>pecuniam,</strong></span> 
     </span>
     <span class='ocr_line' id='line_1_13' title="bbox 295 1379 878 1457; baseline 0.005 -21"><span class='ocrx_word' id='word_1_54' title='bbox 295 1379 492 1455; x_wconf 90' lang='lat' dir='ltr'><strong>Majorumque</strong></span> <span class='ocrx_word' id='word_1_55' title='bbox 506 1380 603 1438; x_wconf 86' lang='lat' dir='ltr'><strong>sames.</strong></span> <span class='ocrx_word' id='word_1_56' title='bbox 644 1379 716 1438; x_wconf 89' lang='lat' dir='ltr'><strong>Jure</strong></span> <span class='ocrx_word' id='word_1_57' title='bbox 729 1382 878 1457; x_wconf 86' lang='lat' dir='ltr'><strong>perhorrui</strong></span> 
     </span>
     <span class='ocr_line' id='line_1_14' title="bbox 293 1457 837 1532; baseline 0 -15"><span class='ocrx_word' id='word_1_58' title='bbox 293 1457 366 1517; x_wconf 78' lang='lat' dir='ltr'><strong>Late</strong></span> <span class='ocrx_word' id='word_1_59' title='bbox 381 1459 568 1532; x_wconf 89' lang='lat' dir='ltr'><strong>conspicuum</strong></span> <span class='ocrx_word' id='word_1_60' title='bbox 580 1458 679 1517; x_wconf 86' lang='lat' dir='ltr'><strong>tollere</strong></span> <span class='ocrx_word' id='word_1_61' title='bbox 692 1461 837 1532; x_wconf 86' lang='lat' dir='ltr'><strong>verticem,</strong></span> 
     </span>
     <span class='ocr_line' id='line_1_15' title="bbox 453 1535 862 1611; baseline 0.005 -19"><span class='ocrx_word' id='word_1_62' title='bbox 453 1535 609 1607; x_wconf 73' lang='lat' dir='ltr'><strong>Maecenas,</strong></span> <span class='ocrx_word' id='word_1_63' title='bbox 623 1538 750 1611; x_wconf 89' lang='lat' dir='ltr'><strong>equitum</strong></span> <span class='ocrx_word' id='word_1_64' title='bbox 764 1539 862 1595; x_wconf 90' lang='lat' dir='ltr'><strong>decus.</strong></span> 
     </span>
     <span class='ocr_line' id='line_1_16' title="bbox 293 1612 880 1692; baseline 0.002 -20"><span class='ocrx_word' id='word_1_65' title='bbox 293 1612 415 1678; x_wconf 78' lang='lat' dir='ltr'><strong>Quantd</strong></span> <span class='ocrx_word' id='word_1_66' title='bbox 430 1615 548 1689; x_wconf 90' lang='lat' dir='ltr'><strong>quisque</strong></span> <span class='ocrx_word' id='word_1_67' title='bbox 561 1616 616 1672; x_wconf 86' lang='lat' dir='ltr'><strong>sibi</strong></span> <span class='ocrx_word' id='word_1_68' title='bbox 628 1617 711 1689; x_wconf 92' lang='lat' dir='ltr'><strong>plura</strong></span> <span class='ocrx_word' id='word_1_69' title='bbox 724 1617 880 1692; x_wconf 80' lang='lat' dir='ltr'><strong>negaverit,</strong></span> 
     </span>
     <span class='ocr_line' id='line_1_17' title="bbox 295 1693 856 1771; baseline 0 -19"><span class='ocrx_word' id='word_1_70' title='bbox 295 1696 323 1752; x_wconf 89' lang='lat' dir='ltr'>A</span> <span class='ocrx_word' id='word_1_71' title='bbox 337 1693 383 1752; x_wconf 86' lang='lat' dir='ltr'><strong>dis</strong></span> <span class='ocrx_word' id='word_1_72' title='bbox 395 1694 478 1771; x_wconf 87' lang='lat' dir='ltr'><strong>plura</strong></span> <span class='ocrx_word' id='word_1_73' title='bbox 492 1695 571 1752; x_wconf 85' lang='lat' dir='ltr'><strong>feret.</strong></span> <span class='ocrx_word' id='word_1_74' title='bbox 612 1693 665 1752; x_wconf 90' lang='lat' dir='ltr'><strong>Nil</strong></span> <span class='ocrx_word' id='word_1_75' title='bbox 679 1695 856 1770; x_wconf 88' lang='lat' dir='ltr'><strong>cupientium</strong></span> 
     </span>
     <span class='ocr_line' id='line_1_18' title="bbox 294 1771 933 1849; baseline 0.002 -18"><span class='ocrx_word' id='word_1_76' title='bbox 294 1771 401 1831; x_wconf 92' lang='lat' dir='ltr'><strong>Nudus</strong></span> <span class='ocrx_word' id='word_1_77' title='bbox 415 1783 508 1831; x_wconf 87' lang='lat' dir='ltr'><strong>castra</strong></span> <span class='ocrx_word' id='word_1_78' title='bbox 520 1783 596 1849; x_wconf 91' lang='lat' dir='ltr'><strong>peto,</strong></span> <span class='ocrx_word' id='word_1_79' title='bbox 611 1783 640 1830; x_wconf 92' lang='lat' dir='ltr'><strong>et</strong></span> <span class='ocrx_word' id='word_1_80' title='bbox 653 1774 800 1849; x_wconf 76' lang='lat' dir='ltr'><strong>nansnga</strong></span> <span class='ocrx_word' id='word_1_81' title='bbox 813 1775 933 1833; x_wconf 85' lang='lat' dir='ltr'><strong>divitum</strong></span> 
     </span>
     <span class='ocr_line' id='line_1_19' title="bbox 452 1851 814 1928; baseline 0.006 -19"><span class='ocrx_word' id='word_1_82' title='bbox 452 1851 550 1910; x_wconf 88' lang='lat' dir='ltr'><strong>Partes</strong></span> <span class='ocrx_word' id='word_1_83' title='bbox 564 1852 693 1928; x_wconf 85' lang='lat' dir='ltr'><strong>linquere</strong></span> <span class='ocrx_word' id='word_1_84' title='bbox 706 1853 798 1928; x_wconf 73' lang='lat' dir='ltr'><strong>gentio</strong></span> <span class='ocrx_word' id='word_1_85' title='bbox 805 1874 814 1924; x_wconf 82' lang='lat'><em>3</em></span> 
     </span>
     <span class='ocr_line' id='line_1_20' title="bbox 294 1931 868 2008; baseline 0.003 -20"><span class='ocrx_word' id='word_1_86' title='bbox 294 1931 470 2007; x_wconf 78' lang='lat' dir='ltr'><strong>Contempta</strong></span> <span class='ocrx_word' id='word_1_87' title='bbox 484 1931 616 1989; x_wconf 88' lang='lat' dir='ltr'><strong>dominus</strong></span> <span class='ocrx_word' id='word_1_88' title='bbox 630 1932 805 2008; x_wconf 88' lang='lat' dir='ltr'><strong>splendidior</strong></span> <span class='ocrx_word' id='word_1_89' title='bbox 817 1932 868 2006; x_wconf 90' lang='lat' dir='ltr'><strong>rei,</strong></span> 
     </span>
     <span class='ocr_line' id='line_1_21' title="bbox 293 2008 934 2089; baseline -0.006 -17"><span class='ocrx_word' id='word_1_90' title='bbox 293 2008 392 2072; x_wconf 71' lang='lat' dir='ltr'><strong>Quam</strong></span> <span class='ocrx_word' id='word_1_91' title='bbox 406 2011 430 2068; x_wconf 92' lang='lat' dir='ltr'><strong>si</strong></span> <span class='ocrx_word' id='word_1_92' title='bbox 443 2010 580 2087; x_wconf 92' lang='lat' dir='ltr'><strong>quidquid</strong></span> <span class='ocrx_word' id='word_1_93' title='bbox 593 2023 653 2068; x_wconf 87' lang='lat' dir='ltr'><strong>arat</strong></span> <span class='ocrx_word' id='word_1_94' title='bbox 667 2011 788 2088; x_wconf 81' lang='lat' dir='ltr'><strong>impiger</strong></span> <span class='ocrx_word' id='word_1_95' title='bbox 801 2011 934 2089; x_wconf 88' lang='lat' dir='ltr'><strong>Appulus</strong></span> 
     </span>
     <span class='ocr_line' id='line_1_22' title="bbox 294 2088 794 2162; baseline 0.004 -16"><span class='ocrx_word' id='word_1_96' title='bbox 294 2088 449 2147; x_wconf 81' lang='lat' dir='ltr'><strong>Occultare</strong></span> <span class='ocrx_word' id='word_1_97' title='bbox 463 2090 536 2148; x_wconf 90' lang='lat' dir='ltr'><strong>meis</strong></span> <span class='ocrx_word' id='word_1_98' title='bbox 549 2091 661 2148; x_wconf 89' lang='lat' dir='ltr'><strong>dicerer</strong></span> <span class='ocrx_word' id='word_1_99' title='bbox 675 2091 794 2162; x_wconf 88' lang='lat' dir='ltr'><strong>horreis,</strong></span> 
     </span>
     <span class='ocr_line' id='line_1_23' title="bbox 450 2167 847 2246; baseline 0.005 -21"><span class='ocrx_word' id='word_1_100' title='bbox 450 2167 574 2244; x_wconf 85' lang='lat' dir='ltr'><strong>Magnas</strong></span> <span class='ocrx_word' id='word_1_101' title='bbox 587 2169 661 2226; x_wconf 88' lang='lat' dir='ltr'><strong>inter</strong></span> <span class='ocrx_word' id='word_1_102' title='bbox 674 2188 743 2245; x_wconf 90' lang='lat' dir='ltr'><strong>opes</strong></span> <span class='ocrx_word' id='word_1_103' title='bbox 757 2169 847 2246; x_wconf 89' lang='lat' dir='ltr'><strong>inops.</strong></span> 
     </span>
     <span class='ocr_line' id='line_1_24' title="bbox 292 2246 855 2323; baseline 0 -18"><span class='ocrx_word' id='word_1_104' title='bbox 292 2246 375 2305; x_wconf 87' lang='lat' dir='ltr'><strong>Purae</strong></span> <span class='ocrx_word' id='word_1_105' title='bbox 390 2247 467 2304; x_wconf 90' lang='lat' dir='ltr'><strong>rivus</strong></span> <span class='ocrx_word' id='word_1_106' title='bbox 481 2266 571 2321; x_wconf 86' lang='lat' dir='ltr'><strong>aquae,</strong></span> <span class='ocrx_word' id='word_1_107' title='bbox 585 2247 710 2322; x_wconf 82' lang='lat' dir='ltr'><strong>silvaque</strong></span> <span class='ocrx_word' id='word_1_108' title='bbox 721 2246 855 2323; x_wconf 87' lang='lat' dir='ltr'><strong>jugerum</strong></span> 
     </span>
     <span class='ocr_line' id='line_1_25' title="bbox 292 2325 901 2400; baseline -0.003 -16"><span class='ocrx_word' id='word_1_109' title='bbox 292 2325 466 2396; x_wconf 87' lang='lat' dir='ltr'><strong>Paucorum,</strong></span> <span class='ocrx_word' id='word_1_110' title='bbox 480 2336 509 2382; x_wconf 92' lang='lat' dir='ltr'><strong>et</strong></span> <span class='ocrx_word' id='word_1_111' title='bbox 523 2326 628 2400; x_wconf 88' lang='lat' dir='ltr'><strong>segetis</strong></span> <span class='ocrx_word' id='word_1_112' title='bbox 642 2335 722 2380; x_wconf 86' lang='lat' dir='ltr'><strong>certa</strong></span> <span class='ocrx_word' id='word_1_113' title='bbox 734 2325 806 2381; x_wconf 86' lang='lat' dir='ltr'><strong>fides</strong></span> <span class='ocrx_word' id='word_1_114' title='bbox 819 2343 901 2399; x_wconf 83' lang='lat' dir='ltr'><strong>mee,</strong></span> 
     </span>
    </p>
   </div>
   <div class='ocr_carea' id='block_1_3' title="bbox 173 2401 832 2500">
    <p class='ocr_par' dir='ltr' id='par_1_3' title="bbox 173 2401 832 2500">
     <span class='ocr_line' id='line_1_26' title="bbox 173 2401 832 2500; baseline -0.008 -35"><span class='ocrx_word' id='word_1_115' title='bbox 173 2481 183 2500; x_wconf 81' lang='lat'><strong>.</strong></span> <span class='ocrx_word' id='word_1_116' title='bbox 292 2404 466 2482; x_wconf 83' lang='lat' dir='ltr'><strong>Fulgentem</strong></span> <span class='ocrx_word' id='word_1_117' title='bbox 479 2403 598 2478; x_wconf 88' lang='lat' dir='ltr'><strong>imperio</strong></span> <span class='ocrx_word' id='word_1_118' title='bbox 612 2401 711 2459; x_wconf 83' lang='lat' dir='ltr'><strong>fertilis</strong></span> <span class='ocrx_word' id='word_1_119' title='bbox 725 2402 832 2460; x_wconf 74' lang='lat' dir='ltr'><strong>Africae</strong></span> 
     </span>
    </p>
   </div>
   <div class='ocr_carea' id='block_1_4' title="bbox 291 2480 978 3192">
    <p class='ocr_par' dir='ltr' id='par_1_4' title="bbox 291 2480 978 3192">
     <span class='ocr_line' id='line_1_27' title="bbox 452 2480 758 2539; baseline -0.003 0"><span class='ocrx_word' id='word_1_120' title='bbox 452 2481 539 2539; x_wconf 87' lang='lat' dir='ltr'><strong>Fallit</strong></span> <span class='ocrx_word' id='word_1_121' title='bbox 553 2492 628 2539; x_wconf 86' lang='lat' dir='ltr'><strong>sorte</strong></span> <span class='ocrx_word' id='word_1_122' title='bbox 642 2480 758 2539; x_wconf 86' lang='lat' dir='ltr'><strong>beatior.</strong></span> 
     </span>
     <span class='ocr_line' id='line_1_28' title="bbox 291 2559 978 2639; baseline -0.003 -19"><span class='ocrx_word' id='word_1_123' title='bbox 291 2563 468 2638; x_wconf 80' lang='lat' dir='ltr'><strong>Quanquam</strong></span> <span class='ocrx_word' id='word_1_124' title='bbox 482 2580 537 2619; x_wconf 90' lang='lat' dir='ltr'><strong>nec</strong></span> <span class='ocrx_word' id='word_1_125' title='bbox 551 2559 681 2617; x_wconf 74' lang='lat' dir='ltr'><strong>Calabra</strong></span> <span class='ocrx_word' id='word_1_126' title='bbox 694 2560 780 2618; x_wconf 89' lang='lat' dir='ltr'><strong>mella</strong></span> <span class='ocrx_word' id='word_1_127' title='bbox 793 2559 887 2619; x_wconf 81' lang='lat' dir='ltr'><strong>ferunt</strong></span> <span class='ocrx_word' id='word_1_128' title='bbox 900 2579 978 2639; x_wconf 88' lang='lat' dir='ltr'><strong>apes,</strong></span> 
     </span>
     <span class='ocr_line' id='line_1_29' title="bbox 292 2639 909 2717; baseline -0.002 -18"><span class='ocrx_word' id='word_1_129' title='bbox 292 2642 359 2700; x_wconf 87' lang='lat' dir='ltr'><strong>Nec</strong></span> <span class='ocrx_word' id='word_1_130' title='bbox 372 2639 567 2717; x_wconf 65' lang='lat' dir='ltr'><strong>Lestrygonia</strong></span> <span class='ocrx_word' id='word_1_131' title='bbox 581 2639 714 2697; x_wconf 84' lang='lat' dir='ltr'><strong>Bacchus</strong></span> <span class='ocrx_word' id='word_1_132' title='bbox 728 2639 758 2696; x_wconf 93' lang='lat' dir='ltr'><strong>in</strong></span> <span class='ocrx_word' id='word_1_133' title='bbox 772 2640 909 2716; x_wconf 72' lang='lat' dir='ltr'><strong>amphora</strong></span> 
     </span>
     <span class='ocr_line' id='line_1_30' title="bbox 292 2718 895 2798; baseline -0.003 -17"><span class='ocrx_word' id='word_1_134' title='bbox 292 2719 467 2798; x_wconf 85' lang='lat' dir='ltr'><strong>Languescit</strong></span> <span class='ocrx_word' id='word_1_135' title='bbox 479 2720 560 2792; x_wconf 91' lang='lat' dir='ltr'><strong>mihi,</strong></span> <span class='ocrx_word' id='word_1_136' title='bbox 575 2736 630 2776; x_wconf 89' lang='lat' dir='ltr'><strong>nec</strong></span> <span class='ocrx_word' id='word_1_137' title='bbox 642 2718 762 2795; x_wconf 86' lang='lat' dir='ltr'><strong>pinguia</strong></span> <span class='ocrx_word' id='word_1_138' title='bbox 774 2719 895 2779; x_wconf 78' lang='lat' dir='ltr'><strong>Gallicis</strong></span> 
     </span>
     <span class='ocr_line' id='line_1_31' title="bbox 450 2798 852 2874; baseline 0 -18"><span class='ocrx_word' id='word_1_139' title='bbox 450 2798 593 2858; x_wconf 84' lang='lat' dir='ltr'><strong>Crescunt</strong></span> <span class='ocrx_word' id='word_1_140' title='bbox 605 2798 711 2855; x_wconf 88' lang='lat' dir='ltr'><strong>vellera</strong></span> <span class='ocrx_word' id='word_1_141' title='bbox 723 2799 852 2874; x_wconf 88' lang='lat' dir='ltr'><strong>pascuis;</strong></span> 
     </span>
     <span class='ocr_line' id='line_1_32' title="bbox 293 2878 838 2954; baseline -0.002 -18"><span class='ocrx_word' id='word_1_142' title='bbox 293 2879 459 2954; x_wconf 86' lang='lat' dir='ltr'><strong>Importuna</strong></span> <span class='ocrx_word' id='word_1_143' title='bbox 468 2889 565 2936; x_wconf 91' lang='lat' dir='ltr'><strong>tamen</strong></span> <span class='ocrx_word' id='word_1_144' title='bbox 578 2878 727 2954; x_wconf 73' lang='lat' dir='ltr'><strong>pauperies</strong></span> <span class='ocrx_word' id='word_1_145' title='bbox 742 2878 838 2948; x_wconf 80' lang='lat' dir='ltr'><strong>abest3</strong></span> 
     </span>
     <span class='ocr_line' id='line_1_33' title="bbox 293 2956 885 3034; baseline 0 -18"><span class='ocrx_word' id='word_1_146' title='bbox 293 2956 369 3030; x_wconf 88' lang='lat' dir='ltr'><strong>Nec,</strong></span> <span class='ocrx_word' id='word_1_147' title='bbox 383 2957 407 3014; x_wconf 90' lang='lat' dir='ltr'><strong>si</strong></span> <span class='ocrx_word' id='word_1_148' title='bbox 420 2957 501 3033; x_wconf 88' lang='lat' dir='ltr'><strong>plura</strong></span> <span class='ocrx_word' id='word_1_149' title='bbox 515 2957 609 3029; x_wconf 90' lang='lat' dir='ltr'><strong>velim,</strong></span> <span class='ocrx_word' id='word_1_150' title='bbox 623 2967 655 3014; x_wconf 93' lang='lat' dir='ltr'><strong>tu</strong></span> <span class='ocrx_word' id='word_1_151' title='bbox 669 2957 737 3014; x_wconf 89' lang='lat' dir='ltr'><strong>dare</strong></span> <span class='ocrx_word' id='word_1_152' title='bbox 750 2957 885 3034; x_wconf 85' lang='lat' dir='ltr'><strong>deneges.</strong></span> 
     </span>
     <span class='ocr_line' id='line_1_34' title="bbox 293 3033 807 3113; baseline -0.008 -17"><span class='ocrx_word' id='word_1_153' title='bbox 293 3035 447 3096; x_wconf 74' lang='lat' dir='ltr'><strong>Contracta</strong></span> <span class='ocrx_word' id='word_1_154' title='bbox 460 3033 562 3095; x_wconf 80' lang='lat' dir='ltr'><strong>melius</strong></span> <span class='ocrx_word' id='word_1_155' title='bbox 575 3055 662 3112; x_wconf 85' lang='lat' dir='ltr'><strong>parva</strong></span> <span class='ocrx_word' id='word_1_156' title='bbox 671 3036 807 3113; x_wconf 84' lang='lat' dir='ltr'><strong>cupidine</strong></span> 
     </span>
     <span class='ocr_line' id='line_1_35' title="bbox 448 3115 776 3192; baseline -0.006 -18"><span class='ocrx_word' id='word_1_157' title='bbox 448 3115 610 3192; x_wconf 87' lang='lat' dir='ltr'><strong>Vectigalia</strong></span> <span class='ocrx_word' id='word_1_158' title='bbox 622 3115 776 3191; x_wconf 84' lang='lat' dir='ltr'><strong>porrigam,</strong></span> 
     </span>
    </p>
   </div>
   <div class='ocr_carea' id='block_1_5' title="bbox 292 3190 961 3505">
    <p class='ocr_par' dir='ltr' id='par_1_5' title="bbox 292 3190 887 3271">
     <span class='ocr_line' id='line_1_36' title="bbox 292 3190 887 3271; baseline -0.015 -14"><span class='ocrx_word' id='word_1_159' title='bbox 292 3190 392 3257; x_wconf 70' lang='lat' dir='ltr'><strong>Quam</strong></span> <span class='ocrx_word' id='word_1_160' title='bbox 406 3193 431 3252; x_wconf 90' lang='lat' dir='ltr'><strong>si</strong></span> <span class='ocrx_word' id='word_1_161' title='bbox 444 3193 610 3271; x_wconf 86' lang='lat' dir='ltr'><strong>Mygdoniis</strong></span> <span class='ocrx_word' id='word_1_162' title='bbox 623 3212 745 3268; x_wconf 88' lang='lat' dir='ltr'><strong>regnum</strong></span> <span class='ocrx_word' id='word_1_163' title='bbox 759 3193 887 3267; x_wconf 81' lang='lat' dir='ltr'><strong>Alyattei</strong></span> 
     </span>
    </p>

    <p class='ocr_par' dir='ltr' id='par_1_6' title="bbox 293 3269 908 3351">
     <span class='ocr_line' id='line_1_37' title="bbox 293 3269 908 3351; baseline -0.015 -18"><span class='ocrx_word' id='word_1_164' title='bbox 293 3273 410 3351; x_wconf 88' lang='lat' dir='ltr'><strong>Campis</strong></span> <span class='ocrx_word' id='word_1_165' title='bbox 422 3273 597 3331; x_wconf 84' lang='lat' dir='ltr'><strong>continuem.</strong></span> <span class='ocrx_word' id='word_1_166' title='bbox 639 3269 733 3327; x_wconf 88' lang='lat' dir='ltr'><strong>Multa</strong></span> <span class='ocrx_word' id='word_1_167' title='bbox 745 3269 908 3344; x_wconf 87' lang='lat' dir='ltr'><strong>petentibus</strong></span> 
     </span>
    </p>

    <p class='ocr_par' dir='ltr' id='par_1_7' title="bbox 292 3345 961 3505">
     <span class='ocr_line' id='line_1_38' title="bbox 292 3345 961 3412; baseline -0.009 1"><span class='ocrx_word' id='word_1_168' title='bbox 292 3351 406 3412; x_wconf 83' lang='lat' dir='ltr'><strong>Desunt</strong></span> <span class='ocrx_word' id='word_1_169' title='bbox 417 3349 515 3408; x_wconf 91' lang='lat' dir='ltr'><strong>multa.</strong></span> <span class='ocrx_word' id='word_1_170' title='bbox 555 3349 637 3406; x_wconf 88' lang='lat' dir='ltr'><strong>Bene</strong></span> <span class='ocrx_word' id='word_1_171' title='bbox 650 3357 694 3405; x_wconf 87' lang='lat' dir='ltr'><strong>est</strong></span> <span class='ocrx_word' id='word_1_172' title='bbox 707 3347 756 3404; x_wconf 90' lang='lat' dir='ltr'><strong>cui</strong></span> <span class='ocrx_word' id='word_1_173' title='bbox 769 3345 850 3404; x_wconf 81' lang='lat' dir='ltr'><strong>Deua</strong></span> <span class='ocrx_word' id='word_1_174' title='bbox 858 3345 961 3408; x_wconf 75' lang='lat' dir='ltr'><strong>obtulit</strong></span> 
     </span>
     <span class='ocr_line' id='line_1_39' title="bbox 451 3423 886 3505; baseline 0 -19"><span class='ocrx_word' id='word_1_175' title='bbox 451 3427 544 3486; x_wconf 71' lang='lat' dir='ltr'><strong>Parca</strong></span> <span class='ocrx_word' id='word_1_176' title='bbox 556 3427 633 3505; x_wconf 90' lang='lat' dir='ltr'><strong>quod</strong></span> <span class='ocrx_word' id='word_1_177' title='bbox 646 3423 719 3486; x_wconf 81' lang='lat' dir='ltr'><strong>satis</strong></span> <span class='ocrx_word' id='word_1_178' title='bbox 731 3437 776 3487; x_wconf 85' lang='lat' dir='ltr'><strong>est</strong></span> <span class='ocrx_word' id='word_1_179' title='bbox 788 3443 886 3486; x_wconf 86' lang='lat' dir='ltr'><strong>manu.</strong></span> 
     </span>
    </p>
   </div>
   <div class='ocr_carea' id='block_1_6' title="bbox 369 3509 392 3570">
    <p class='ocr_par' dir='ltr' id='par_1_8' title="bbox 369 3509 392 3570">
     <span class='ocr_line' id='line_1_40' title="bbox 369 3509 392 3570; baseline 0 0"><span class='ocrx_word' id='word_1_180' title='bbox 369 3509 392 3570; x_wconf 79' lang='lat'><strong>5</strong></span> 
     </span>
    </p>
   </div>
   <div class='ocr_carea' id='block_1_7' title="bbox 0 0 1314 4442">
    <p class='ocr_par' dir='ltr' id='par_1_9' title="bbox 0 0 1314 4442">
     <span class='ocr_line' id='line_1_41' title="bbox 0 0 1314 4442; baseline 0 1"><span class='ocrx_word' id='word_1_181' title='bbox 0 0 1314 4442; x_wconf 95' lang='lat' dir='ltr'><strong> </strong></span> 
     </span>
    </p>
   </div>
  </div>
 </body>
</html>
