2617 4442
518 338 549 394 Q.
567 336 714 385 HORATII
730 333 856 385 FLAcct

470 479 638 539 Refrenare
651 478 808 553 licentiam,

311 561 414 620 Clarus
426 559 610 636 postgenitis:
632 567 783 633 quatenus,
798 559 854 616 heu
868 558 964 618 nefus!

471 639 615 697 Virtutem
628 637 804 695 incolumem
816 638 940 712 odimus,

278 743 285 774 t
314 718 462 778 Sublatam
475 736 512 774 ex
524 716 615 774 oculis
628 715 792 791 querimus,
806 716 903 775 invidi.

471 795 553 858 Quid
567 795 662 852 tristes
675 794 869 870 querimonioe,

314 877 347 935 si
359 896 418 936 non
432 874 571 952 supplicio
584 873 670 949 culpe
682 872 840 931 reciditurt

471 952 554 1016 Quid
566 953 654 1029 leges,
668 952 732 1010 sine
746 952 871 1010 moribus

314 1033 603 1111 vanae‚p10fi0iuntt
623 1031 647 1089 si
662 1050 756 1107 neque
770 1031 884 1090 fervidis

471 1111 541 1169 Pars
554 1110 666 1169 inclusa
679 1111 822 1168 caloribus
895 1135 898 1138 ·

314 1191 429 1266 Mundi,
443 1209 498 1250 nec
512 1191 610 1249 Boreae
621 1189 774 1248 finitimum
788 1191 872 1264 latus,

471 1269 644 1344 Durataeque
659 1269 719 1327 solo
732 1269 823 1342 nives,

314 1349 505 1409 Mercatorem
519 1349 659 1426 abiguntt
680 1348 794 1406 horrido
807 1347 904 1406 callidi

474 1429 604 1487 Vincunt
617 1446 732 1502 aequora
745 1428 866 1485 navitaei

315 1506 457 1586 Magnum
469 1507 619 1584 pauperies
632 1507 814 1582 opprobrium
825 1505 908 1582 jubet

471 1586 596 1649 Quidvis
610 1597 639 1643 et
653 1585 747 1644 facere
761 1597 790 1644 et
802 1585 871 1662 pati,

314 1667 491 1743 Virtutisque
505 1666 578 1723 viam
593 1665 725 1722 deserere
740 1665 857 1722 urduaei

472 1745 527 1802 Vel
542 1763 595 1801 uos
608 1744 637 1801 in
653 1743 836 1819 Capitolium,

314 1822 386 1887 Qud
399 1825 505 1882 clamor
518 1831 601 1881 vocat
613 1832 643 1880 et
656 1823 740 1880 turba
753 1822 918 1897 faventium,

472 1901 527 1958 Vel
541 1919 595 1959 nos
610 1901 640 1958 in
654 1920 733 1959 mere
746 1903 907 1978 proximum

314 1982 459 2054 Gemmas,
473 1990 503 2038 et
515 1977 634 2057 lapides,
649 2000 750 2040 aurum
762 1992 792 2040 et
807 1981 917 2057 inutile,

473 2059 585 2118 Summi
599 2061 748 2118 materiam
761 2061 839 2133 moli,

314 2139 473 2213 Mittumus,
488 2139 629 2197 scelerum
643 2141 667 2198 si
681 2140 755 2200 bene
768 2140 895 2216 poenitet.

472 2218 627 2278 Erudendu
639 2219 782 2294 cupidinis

314 2297 397 2357 Pruvi
411 2308 478 2356 sunt
492 2299 649 2370 elementa3
670 2310 700 2357 et
713 2309 819 2356 tenerur
831 2297 919 2356 nimis

472 2377 588 2436 Montes
602 2378 791 2455 asperioribus

314 2456 484 2516 Formandae
498 2458 607 2515 studiis.
642 2457 745 2516 Nescit
757 2477 832 2533 equo
845 2456 924 2516 rudis

472 2536 591 2593 Haerere
605 2536 748 2611 ingenuus
760 2556 841 2612 puer,

315 2614 477 2692 Venerique
491 2615 572 2673 timet
580 2634 587 2685 ;
609 2613 708 2671 ludere
722 2615 840 2688 doctior,

473 2695 531 2752 Seu
545 2695 647 2752 Graeco
658 2694 760 2770 jubens
773 2696 884 2768 trocho,

316 2775 375 2832 Seu
388 2774 470 2832 malis
484 2774 570 2831 vetitd
585 2774 697 2850 legibus
710 2773 789 2831 sled:
862 2823 869 2841 ,

471 2852 573 2915 Quum
586 2854 699 2929 perjure
710 2853 799 2929 patris
811 2852 883 2910 fides

314 2931 483 2991 Consortem
497 2932 606 2990 socium
621 2932 699 2990 fallet
711 2942 740 2990 et
753 2932 903 3009 hospitem,

473 3011 652 3088 Indignoque
666 3013 820 3088 pecuniam

315 3089 431 3149 Haeredi
444 3102 582 3168 properet.
617 3091 735 3149 Scilicet
748 3091 884 3167 improbae

471 3171 614 3229 Crescunt
628 3172 750 3230 divitiae:
770 3181 867 3229 tamon

313 3245 411 3309 Corte
424 3250 522 3309 nescio
534 3251 602 3327 quid
616 3270 728 3330 semper
741 3250 822 3308 abest
834 3247 885 3307 rei.

597 3564 683 3623 ODE
703 3564 789 3625 XIX.

588 3702 629 3742 An
644 3701 797 3745 BACCHUH.

285 3848 289 3855 -
470 3798 542 3866 Qut>
556 3821 612 3876 mc,
627 3802 753 3875 Bacche,
766 3803 843 3880 rapis
855 3799 897 3862 tui

312 3881 454 3942 Plenumi
473 3882 550 3946 Quae
564 3901 691 3956 nemore,
705 3898 775 3958 quos
788 3901 858 3959 ogor
871 3882 901 3942 in
911 3902 1033 3963 specus,
