2617 4442
228 370 285 429 lto
547 366 578 423 Q.
597 365 744 417 Horarrr
759 365 894 416 rancor.

267 512 314 568 Ac
328 508 397 568 mihi
411 528 462 567 seu
476 509 594 587 longum
606 517 671 585 post
683 519 796 585 tempus
809 519 926 567 renuat
939 509 1052 587 hospes,

267 590 333 648 Sive
347 608 464 665 operum
478 608 569 646 vacuo
582 599 680 665 gratus
694 589 813 646 conviva
825 607 878 663 per
889 589 1012 647 imbrem

268 670 399 737 Vicinus,
415 669 488 728 bene
502 679 572 740 erat,
587 684 645 727 non
659 668 785 743 piscibus
798 668 869 724 urbe
880 666 988 743 petitis,

268 748 326 806 Sed
340 747 419 823 pullo
429 758 514 821 atque
529 747 630 807 hedo:
652 757 713 805 turn
727 746 845 822 pensilis
858 764 914 803 uva
925 747 1070 805 secundas
1167 750 1223 808 12⁰
1272 764 1276 771 “

267 828 305 885 Et
319 846 378 883 nux
390 826 509 885 ornabat
522 844 636 886 menses
650 845 718 885 cum
731 826 845 901 duplice
856 825 932 883 ficu:

267 907 335 964 Post
349 907 403 963 hoc
416 906 501 971 ludus
514 917 574 963 erat
587 905 682 981 cuppa
695 916 792 981 potare
805 904 957 980 magistr&

267 987 314 1042 Ac
329 995 463 1043 venerata
473 983 571 1057 Ceres,
587 984 626 1047 ita
639 984 734 1043 culmo
746 993 876 1059 surgeret
887 984 955 1057 alto,

267 1064 413 1140 Explicuit
426 1063 492 1124 virro
506 1073 661 1123 connecte
671 1063 747 1121 seria
755 1062 864 1121 frontis.

269 1144 374 1201 Saeviet
388 1155 471 1218 atque
485 1162 573 1203 novos
586 1153 700 1201 moveat
713 1142 841 1202 Fortuna
852 1141 1001 1216 arnoltus,
1164 1144 1223 1201 125

267 1219 420 1284 Quantum
431 1221 500 1279 hinc
511 1221 681 1283 imminuetl
701 1218 1203 1298 quautdautegoparcibs,autros,

268 1301 297 1359 Ο
309 1302 400 1378 pueri,
414 1300 548 1373 nituistis,
561 1311 592 1357 ut
606 1302 661 1360 bue
674 1318 764 1359 novus
776 1301 873 1359 incola
885 1301 983 1359 reniti

268 1378 346 1437 Nam
361 1380 481 1456 propriae
495 1378 603 1437 telluris
619 1381 721 1437 herum
730 1392 834 1438 natura
844 1398 938 1455 neque
952 1379 1042 1454 illum,

269 1459 299 1516 N
301 1478 335 1516 ec
350 1478 406 1532 me,
421 1477 476 1517 nec
489 1476 651 1533 quenquam
664 1460 778 1519 statuit:
798 1478 851 1516 nos
864 1459 972 1536 expulit
985 1460 1051 1532 ille;

269 1538 356 1596 Illum
371 1548 420 1595 aut
433 1538 574 1613 nequities
588 1549 638 1597 aut
651 1539 721 1597 vafri
734 1538 849 1597 inscitia
858 1538 942 1615 juris,
1162 1540 1223 1597 130

269 1614 417 1675 Postremo
432 1618 553 1691 expellet
564 1616 643 1676 certe
657 1618 779 1677 vivacior
792 1619 892 1675 hares.

269 1696 359 1754 Nunc
373 1716 439 1772 ager
454 1696 591 1755 Umbreni
606 1699 660 1754 sub
673 1699 799 1770 nomine,
812 1715 903 1773 nuper
914 1696 1003 1755 Ofelli

270 1775 383 1846 Dictus,
397 1775 451 1832 erit
464 1775 533 1833 nulli
546 1776 704 1853 proprius3-
715 1779 765 1835 scd
779 1778 857 1835 cedit
869 1777 900 1834 in
913 1795 996 1834 usum

269 1853 359 1912 Nunc
373 1855 454 1926 mihi,
468 1873 548 1913 nuuc
562 1855 627 1916 alii:
647 1857 783 1930 quocirca
796 1856 881 1913 vivite
894 1855 989 1929 fortes,

270 1932 421 2009 Fortiaquc
435 1934 560 1993 adversis
573 1935 709 2011 opponite
722 1947 838 2014 pectora
849 1935 963 1993 rebus.¹'
1165 1937 1223 1995 135

608 2286 767 2349 SATIRA
788 2289 845 2350 Ill.

636 2438 813 2474 DAHASIPPUS.

271 2527 322 2583 Src
336 2523 400 2584 rurb
415 2526 524 2598 scribla,
535 2535 567 2584 ut
580 2535 638 2584 toto
651 2544 710 2586 non
720 2537 818 2604 quater
832 2548 907 2588 anno

270 2604 469 2663 Membranam
481 2624 591 2701 poscas,
603 2605 771 2681 scriptorum
785 2626 902 2685 queque
915 2618 1056 2685 retexens,

269 2680 365 2741 Iratus
378 2684 429 2741 tibi
443 2685 520 2759 quod
533 2684 593 2742 vim'
607 2686 755 2761 somnique
770 2687 911 2763 benignus

269 2761 320 2820 Nil
336 2762 455 2839 dignum
470 2782 600 2821 sermone
613 2782 709 2821 canas.
743 2764 825 2826 Quid
839 2766 908 2825 fiett
929 2768 965 2825 ab
976 2766 1047 2845 ipsis

272 2841 472 2899 Saturnalibus
486 2843 544 2900 huc
557 2843 654 2919 fugisti
666 2864 673 2915 3
695 2842 806 2902 sobrius
819 2864 888 2922 ergo
1202 2851 1222 2908 5

270 2919 328 2978 Dic
342 2919 448 2995 aliquid
462 2920 581 2998 dignum
595 2923 757 2999 promissis:
778 2923 882 3001 incipe.
916 2924 967 2983 Nil
981 2936 1032 2984 est.

270 3000 430 3076 Culpantur
445 2998 548 3059 frustrd
562 3000 675 3075 calami,
690 3002 904 3080 immeritusque
918 3006 1026 3063 laborat

271 3074 356 3137 Iratis
370 3091 454 3138 natus
467 3080 563 3156 paries
577 3079 622 3138 dis
635 3092 719 3157 atque
731 3083 834 3158 poetis.

271 3158 361 3233 Atqui
375 3158 468 3216 vultus
479 3168 540 3217 erat
550 3160 639 3217 multa
653 3170 683 3219 ct
692 3161 828 3237 praeclara
838 3162 984 3238 minantis,

272 3238 304 3295 Si
318 3257 440 3296 vacuum
453 3239 548 3315 tepido
563 3239 685 3317 cepisset
698 3240 794 3297 villula
807 3251 890 3299 tecto.
1187 3246 1220 3303 10

270 3317 418 3379 Quorsum
432 3319 568 3393 pertinuit
582 3320 686 3395 stipare
701 3318 819 3377 Platona
834 3319 1011 3393 Menandro;

272 3394 404 3470 Eupolin‚
420 3398 638 3471 Archilochum,
652 3398 771 3456 comites
785 3400 908 3457 educere
922 3402 1036 3462 tantos'l

272 3470 413 3531 Invidiam
426 3476 539 3550 placare
552 3494 634 3552 paras
645 3478 747 3536 virtute
761 3478 881 3537 relictail

272 3551 466 3609 Contemnere
480 3552 582 3612 miser:
603 3556 719 3613 vitanda
731 3570 776 3616 est
787 3559 915 3636 improba
929 3558 1014 3617 Siren

272 3627 405 3701 Desidia;
428 3643 486 3704 aut,
501 3632 637 3707 quidquid
651 3634 709 3691 viti
722 3635 838 3695 meliore
848 3636 965 3714 parasti,
1179 3639 1220 3710 ,15

272 3708 440 3767 Ponendum
456 3728 536 3788 aequo
549 3711 653 3770 animo.
1279 3734 1282 3743 ·

653 3842 799 3878 EORATIUO.

704 3926 793 4002 Dite,
807 3928 991 4011 Damasippo,
1006 3934 1134 4014 deaque,
1164 3952 1168 3957 ·
