2617 4442
421 394 670 445 EPISTOLARUM
687 395 754 445 LIB.
771 397 792 445 1.
811 400 851 447 17.
1068 403 1124 459 163

171 543 190 571 “
204 538 269 597 Nec
283 538 389 596 furtum
404 538 469 613 feci,
483 558 539 597 uec
553 539 641 615 fugi,”
657 539 682 596 si
696 540 765 597 mihi
780 540 858 598 dicat

171 620 296 676 Servus:
319 623 337 649 ‘⁴
353 618 452 676 Habes
465 619 596 695 pretium,
610 619 678 677 loris
691 638 750 677 non
764 620 882 693 ureris‚''
899 619 951 677 aio.

170 702 189 728 “
202 696 271 755 Non
285 698 429 755 homiuem
442 698 565 755 occidi.”
607 702 625 729 “
640 697 709 755 Non
723 717 824 774 pasces
837 700 868 756 in
881 702 1108 763 cruce,corvos.”

170 780 189 807 ‘⁶
206 776 277 833 Sum
291 777 382 833 bouus
392 788 422 834 et
435 776 538 853 frugi.’'
580 776 693 835 Renuit
706 789 793 853 negat
806 789 890 852 atque
901 778 1050 837 Sabellus:

171 854 313 913 “Cautus
327 855 404 912 enim
418 856 520 913 metuit
534 855 643 913 foveam
657 856 750 933 lupus,
763 856 955 932 accipiterque
1083 860 1123 915 50

171 936 326 1010 Suspectus
338 934 463 1009 laqueos,
478 945 506 993 et
518 946 649 1011 opertum
663 935 768 992 miluus
781 936 906 994 hamum.

169 1012 305 1071 Oderunt
317 1032 438 1089 peccare
452 1014 519 1071 boni
533 1013 643 1071 virtutis
657 1033 772 1084 amore;

169 1091 221 1149 Tu
235 1093 305 1149 nihil
320 1092 453 1149 admittes
466 1092 496 1150 in
509 1103 538 1150 te
553 1091 704 1151 formidine
717 1111 818 1168 poenae.

171 1170 216 1228 Sit
231 1191 295 1247 spes
309 1170 435 1243 fallendi,
449 1171 584 1229 miscebis
598 1190 680 1229 sacra
692 1171 825 1248 profanis.

169 1248 201 1306 N
202 1269 248 1307 am
262 1251 298 1307 de
312 1250 390 1307 mille
404 1250 475 1311 fabe
489 1250 592 1308 modiis
605 1269 693 1325 quum
707 1250 824 1327 surripis
837 1268 938 1324 unum,
1082 1253 1122 1309 ὥ

170 1328 317 1386 Damnum
330 1339 382 1400 est,
396 1348 455 1386 non
468 1328 589 1402 facinus,
604 1330 675 1387 mihi
687 1341 771 1405 pacto
785 1330 878 1387 lenius
892 1330 973 1388 isto.''

169 1408 224 1465 Vir
238 1408 339 1480 bonus,
353 1426 438 1465 omne
453 1407 545 1466 forum
559 1427 644 1484 quem
659 1419 768 1484 spectat
780 1420 810 1466 et
822 1426 909 1466 omne
922 1408 1055 1481 tribunal,

169 1486 412 1563 Quandocunque
423 1487 496 1545 'deos
509 1487 552 1543 vel
566 1505 653 1585 porco
667 1488 711 1544 rel
726 1488 796 1545 bove
808 1488 912 1563 placat,

171 1570 191 1597 “
202 1565 276 1623 June
288 1568 386 1644 pater?
402 1563 490 1638 clare,
505 1566 582 1623 clare
596 1584 684 1641 quum
698 1566 770 1624 dixit
783 1570 801 1597 “
816 1565 955 1641 Apollo'’;

171 1645 265 1702 Labra
279 1655 383 1716 movet,
397 1655 529 1702 metuens
543 1644 653 1703 audiri:
676 1649 694 1675 “
708 1644 833 1702 Pulchra
846 1644 985 1717 Lauerna,
1084 1646 1123 1702 60

171 1724 219 1781 Da
231 1724 302 1783 milri
316 1724 423 1795 fallere,
438 1723 475 1781 da
486 1723 595 1800 justum
609 1733 796 1799 sanctumque
809 1722 898 1781 videri

172 1802 296 1861 Noctem
309 1802 435 1879 peccatis
448 1813 478 1860 et
491 1803 638 1860 fraudibus
650 1802 746 1878 objice
759 1803 894 1860 nubem.”

171 1881 234 1944 Qut
248 1883 346 1940 melior
360 1901 450 1954 servo,
463 1880 513 1958 qui
527 1882 641 1939 liberior
655 1883 692 1938 sit
705 1900 815 1955 avarus,

173 1961 209 2019 ln
222 1962 311 2019 triviis
325 1960 413 2019 fixum
426 1979 513 2037 quum
527 1980 558 2019 se
572 1961 695 2019 demittit
707 1960 857 2034 obessem,

171 2040 240 2099 Non
253 2041 351 2099 video:
372 2059 439 2099 nam
451 2040 500 2116 qui
514 2041 620 2117 cupiet,
631 2050 741 2097 metuet
752 2058 880 2115 quoque;
900 2036 995 2116 porrd,
1082 2040 1122 2095 65

169 2120 233 2183 Qui
247 2131 377 2178 metuens
390 2118 466 2191 vivit,
480 2119 551 2177 liber
565 2119 635 2177 mihi
648 2138 708 2177 non
721 2119 776 2177 erit
788 2135 923 2193 unquam.

170 2199 300 2257 Perdidit
313 2218 400 2272 arma,
414 2199 509 2257 locum
522 2198 633 2257 virtutis
647 2197 783 2270 deseruit,
796 2198 846 2274 qui

171 2280 292 2355 Semper
306 2279 336 2337 in
350 2277 483 2353 augendd
496 2278 610 2335 festinat
622 2287 652 2335 et
660 2277 789 2334 obruitur
803 2295 843 2333 re.

171 2357 306 2416 Vendere
319 2376 407 2434 quum
419 2355 510 2433 possis
524 2355 679 2432 captivum,
691 2354 825 2413 occidere
846 2353 924 2411 noli:

172 2438 283 2496 Serviet
295 2437 419 2495 utiliter:
440 2435 502 2493 sine
514 2445 613 2511 pascat
626 2435 716 2491 durus
729 2444 843 2508 aretque
852 2453 872 2504 ;-
1084 2431 1123 2488 70

170 2514 296 2593 Naviget
310 2536 344 2575 ac
357 2515 460 2574 mediis
474 2514 581 2571 hiemet
594 2523 734 2571 mercator
744 2512 775 2570 in
790 2513 890 2583 undie3

170 2596 305 2653 Annonae
317 2595 405 2673 prosit
415 2614 423 2665 ;
443 2604 535 2670 portet
548 2593 691 2651 frumenta
702 2610 856 2669 penusque

210 2674 263 2732 Vir
277 2676 369 2732 bonus
379 2685 408 2733 et
421 2673 534 2749 sapiens
547 2672 665 2730 audebit
677 2672 794 2729 dicere:
816 2675 833 2701 ‘¹
844 2669 985 2742 Pentheu,

171 2751 281 2812 Rectcr
295 2752 472 2823 Thebarum,
484 2751 554 2828 quid
568 2770 615 2808 me
628 2750 752 2826 perferre
765 2750 879 2826 patique

171 2830 328 2909 Indignum
351 2849 436 2909 coges
446 2832 476 2888 l’'
518 2836 537 2863 “
551 2830 690 2887 Adimam
711 2830 812 2888 bona.'’
854 2833 873 2860 “
887 2827 1001 2906 Nempe
1022 2848 1120 2907 pecus,

252 2929 323 2983 rem,
1082 2911 1121 2967 75

171 2987 284 3062 Lectos,
299 3000 462 3065 argentum:
483 2989 564 3052 tollas
577 2988 673 3047 licet..'’
714 2991 734 3019 “
749 2986 785 3045 In
799 2987 921 3046 manicis
933 2998 964 3047 et

172 3069 367 3146 Compedibus
380 3086 454 3126 saevc
468 3078 496 3125 te
510 3069 563 3126 sub
577 3069 696 3125 custode
710 3067 842 3124 teneb0.'’

171 3152 191 3180 “
206 3147 272 3225 Ipse
286 3147 366 3219 deus,
381 3147 465 3204 simul
479 3158 563 3222 atque
576 3146 678 3217 volam,
692 3164 739 3202 me
752 3143 867 3204 solvet”
908 3142 1029 3219 Opinor,

172 3226 238 3285 Iloc
251 3226 347 3300 sentit,
361 3230 380 3257 “
392 3224 516 3283 Moriad'
527 3245 535 3296 ;
555 3243 631 3282 mors
644 3223 746 3281 ultima
758 3223 836 3280 linea
847 3240 944 3280 rerum
956 3234 1012 3279 est.

468 3537 674 3603 EPISTOLA
685 3537 786 3597 XVII.

536 3676 578 3716 An
592 3676 726 3720 scuram

170 3778 327 3851 Quamvis,
342 3778 452 3850 Scaeva,
465 3773 534 3835 satis
546 3787 636 3853 perte
649 3777 701 3835 tibi
715 3777 851 3849 consulis,
864 3788 895 3838 et
906 3778 965 3838 scis

170 3859 241 3920 Quo
254 3858 371 3917 tandem
384 3868 469 3936 pacto
481 3856 582 3915 deceat
592 3856 746 3932 majoribus
754 3857 807 3930 uti,

172 3937 272 4012 Disce,
285 3938 434 3995 docendus
447 3935 551 4009 adhuc,
564 3954 628 4013 quae
642 3946 741 3994 censet
754 3935 913 4007 amiculus;
933 3937 1004 3996 utsi
