2617 4442
295 710 343 801 Q.
383 708 669 785 HORATII
714 706 961 783 FLACCl

454 955 807 1023 SATIRARUM

493 1191 598 1241 LIBER
614 1191 759 1242 PRIMUS.

423 1646 692 1717 -sATIRA
711 1647 846 1722 1.-

497 1787 537 1827 An
551 1786 760 1827 MAEOENd'l'EH.

210 1890 274 1954 Qui
290 1891 329 1963 fit,
345 1888 501 1975 Maecefras,
515 1898 547 1946 ut
553 1907 645 1977 'nemo
655 1907 742 1964 quarn
756 1889 810 1947 sibi
824 1901 930 1950 sortem

119 2012 124 2025 .
211 1972 271 2029 Seu
283 1948 354 2028 ratio
368 1970 487 2041 dederit,
501 1988 553 2025 seu
563 1968 623 2026 sors
636 1941 783 2045 dbjecerit,
797 1937 847 2028 illd

210 2052 371 2109 Contentus
384 2049 467 2120 vivat,
479 2048 579 2125 laudet
592 2048 703 2107 diversa
715 2051 886 2125 sequentesl

210 2135 229 2162 “
238 2130 267 2187 O
283 2128 415 2187 fortunati
429 2137 601 2185 mercatores
610 2128 636 2185 l''
659 2126 753 2203 gravis
765 2128 850 2185 annis

210 2208 297 2267 Miles
311 2208 359 2280 ait,
372 2207 462 2265 multo
473 2206 532 2283 jam
544 2206 649 2263 fractus
664 2206 793 2264 membra
806 2207 911 2267 labore.
936 2234 950 2262 τ

211 2284 319 2346 Contrd
333 2296 483 2359 mercator,
498 2286 594 2342 navim
605 2285 780 2362 jactantibus
793 2286 918 2360 Austris,

211 2366 344 2426 “Militia
357 2376 400 2423 est
413 2364 522 2441 potior:
536 2364 604 2439 quid
619 2364 717 2420 eniml
740 2365 933 2436 concurritur3
954 2366 1032 2426 hore

211 2445 359 2505 Memento
373 2444 431 2502 cita
444 2462 521 2501 mors
534 2442 621 2515 venit,
635 2453 686 2500 aut
698 2441 815 2501 victoria
828 2444 920 2502 laeta''

210 2526 377 2603 Agricolam
391 2523 489 2581 laudat
499 2522 571 2599 juris
585 2522 738 2599 legumque
747 2524 865 2599 peritus,

211 2606 273 2663 Sub
285 2605 352 2683 galli
365 2613 484 2661 cantum
498 2602 642 2660 consultor
656 2601 706 2661 ubi
719 2602 792 2661 ostia
803 2604 905 2680 pulsat
1087 2608 1124 2668 10

210 2684 273 2757 Ille,
286 2683 493 2742 datis'vadibus
506 2682 554 2758 qui
568 2701 633 2739 rure
648 2693 792 2742 extractus
805 2684 835 2742 in
849 2684 949 2743 urbem
962 2695 1016 2761 est,

212 2764 294 2822 Solos
307 2764 404 2821 felices
418 2763 545 2820 viventes
559 2762 664 2820 clamat
677 2762 707 2820 iu
719 2762 797 2820 urbe.

211 2844 322 2901 Caetera
335 2844 371 2899 de
385 2860 490 2918 genere
504 2842 568 2913 hoc,
583 2838 657 2899 aded
671 2852 739 2900 sunt
752 2842 851 2917 multa,
864 2842 1014 2919 loquacem

190 2984 197 2997 ‘
211 2922 361 2979 Delassare
375 2922 469 2979 valent
483 2920 613 2979 Fabium.
645 2920 695 2979 Ne
709 2933 737 2981 te
751 2940 852 2996 morer,
866 2925 935 2982 audi

209 2999 281 3064 Qud
295 3020 355 3059 rem
369 3001 519 3059 deducam.
552 3002 584 3057 Si
597 3001 661 3076 quis
674 3001 755 3074 deus,
771 3006 789 3033 “
801 3002 847 3059 Eu
861 3005 944 3079 ego,''
956 3004 1043 3077 dicat,
1086 3006 1124 3063 15

212 3085 230 3112 “
242 3080 308 3137 Jam
322 3079 424 3137 faciam
438 3080 513 3155 quod
528 3080 628 3138 vultis:
650 3081 706 3137 eris
719 3091 761 3153 tn,
775 3082 823 3156 qui
836 3079 923 3140 modd
937 3083 1030 3157 miles,

211 3158 370 3217 Mercator:
391 3169 432 3231 tu,
448 3159 594 3217 consultus
608 3158 704 3231 mode,
720 3162 860 3217 rusticus:
881 3161 951 3219 hinc
964 3181 1024 3235 vos,

209 3239 270 3297 Vos
284 3238 362 3311 hinc,
377 3238 493 3295 mutatis
506 3238 646 3294 discedite
660 3238 795 3312 partibus.
830 3237 900 3295 Eial

209 3318 291 3380 Quid
305 3317 385 3376 statis
393 3318 423 3374 l’'
446 3316 556 3374 Nolint
591 3316 681 3390 Atqui
695 3316 766 3373 licet
778 3336 841 3373 esse
855 3317 954 3375 beatis.

209 3396 291 3458 Quid
305 3416 399 3455 causae
413 3405 457 3453 est
470 3392 573 3454 meritd
587 3394 656 3470 quin
670 3394 725 3451 illis
739 3394 852 3471 Jupiter
865 3396 965 3455 ambas
1082 3396 1123 3457 2⁰

210 3474 303 3533 Iratus
317 3477 424 3533 buccas
438 3473 527 3545 inflet,
542 3493 634 3549 neque
649 3493 680 3531 se
694 3474 753 3532 fore
765 3476 886 3550 posthac

169 3565 183 3636 Ι·
210 3554 286 3613 Tam
300 3555 414 3634 facilem
428 3554 507 3611 dicat
519 3554 590 3612 votis
604 3564 635 3611 ut
645 3554 771 3630 praebeat
785 3556 904 3615 aureml

166 3659 171 3686 .·
247 3630 399 3707 Praeterea‚'
413 3652 451 3692 ne
466 3633 518 3706 sic,
532 3633 624 3709 utqui
635 3633 784 3710 jocularia,
798 3636 895 3694 ridens

159 3744 167 3786 q
208 3712 393 3772 Percurranr:
413 3732 574 3789 quanquam
588 3712 728 3771 ridentem
744 3714 840 3773 dicere
853 3734 951 3773 verum

207 3792 290 3853 Quid
304 3794 399 3851 vetatl
421 3803 452 3849 ut
464 3793 560 3868 pueris
573 3792 640 3850 olim
656 3794 726 3851 dant
739 3794 866 3852 crustula
877 3793 974 3854 blandi
1081 3792 1123 3851 25

208 3872 357 3939 Doctores.
371 3872 513 3931 clementa
527 3871 614 3931 velint
627 3883 660 3931 ut
673 3873 783 3931 discere
796 3874 889 3949 prima
898 3889 924 3931 :f
