2617 4442
479 374 689 425 SATIRARUM
706 376 772 427 LIB.
789 378 826 429 11.
841 382 866 432 4.

544 597 704 657 SATIRA
723 597 777 658 lv.

587 766 734 801 nomme.

204 830 306 906 Uuon,
320 841 349 891 et
362 827 418 908 qub
432 829 554 890 Catius?

609 984 713 1020 CANUS·

679 1070 748 1131 Non
762 1082 805 1132 est
818 1072 889 1131 mihi
902 1085 1015 1153 tempus
1027 1075 1123 1136 aventi

205 1148 316 1208 Ponere
331 1149 414 1226 signa
427 1149 507 1207 novis
520 1150 680 1227 praeceptis,
694 1151 789 1227 qualia
801 1154 919 1212 vincant

205 1229 405 1306 Pythagoram,
420 1228 566 1306 Anytique
578 1248 670 1303 rcum,
684 1231 855 1329 doctumque
869 1232 996 1293 Platona.

586 1381 731 1415 HORATIUS.

205 1466 360 1525 Peccatum
374 1442 472 1539 fatcoi,
486 1486 572 1542 quum
586 1477 615 1525 te
629 1466 672 1525 sic
685 1479 811 1545 tempore
823 1470 895 1529 laevo

205 1546 411 1621 Interpellirim
424 1565 431 1603 ε
452 1547 512 1618 sed,
527 1546 577 1603 des
590 1546 704 1604 veniam
717 1548 819 1621 bonus,
832 1568 890 1607 oro.
1134 1552 1156 1612 5

203 1622 294 1686 Quod
308 1624 332 1682 si
346 1624 522 1683 interciderit
535 1625 586 1683 tibi
599 1644 679 1683 nunc
693 1626 808 1702 aliquid,
822 1639 934 1706 repetes
946 1648 1030 1701 mox;

205 1705 271 1761 Sive
285 1714 327 1761 est
340 1714 448 1762 naturae
462 1706 527 1778 hoc,
542 1705 692 1779 aimarus,
706 1706 795 1764 mirus
807 1717 936 1785 utroque.
979 1756 984 1766 .

605 1858 709 1893 GA'HUB·

203 1942 285 2005 Quin
299 1943 329 2002 id
343 1952 402 2001 crat
416 1962 501 2017 curn,
515 1963 570 2020 quo
583 1956 667 2021 pacto
681 1956 787 2005 cuncta
798 1956 926 2007 tenerem
933 1968 942 2020 ;

203 2021 307 2100 Utpote
321 2042 366 2081 res
378 2034 489 2097 tenues,
503 2024 583 2099 tenui
596 2043 727 2083 sermone
739 2036 876 2103 peractas.

584 2176 730 2211 HORATIUS.

203 2260 267 2319 Ede
280 2260 403 2319 hominis
416 2280 540 2319 nomen:
560 2261 645 2319 simul
659 2271 689 2319 et
701 2262 853 2321 Romanus
866 2282 904 2323 an
917 2264 1028 2343 hospes
1118 2267 1154 2325 10

607 2412 711 2446 CUIUS-

203 2499 271 2577 Ipsa
284 2519 391 2559 memor
404 2508 546 2577 praecepta
559 2516 680 2571 canam3
702 2499 840 2559 celabitur
854 2510 962 2562 auctor.

203 2580 305 2657 longa
317 2580 420 2656 quibus
434 2579 521 2637 sacics
534 2578 594 2637 ovis
607 2579 670 2652 erit,
684 2580 732 2637 illa
742 2590 895 2653 memento,

203 2658 242 2716 Ut
255 2658 334 2716 succi
348 2658 472 2716 melioris
485 2668 515 2715 et
527 2669 559 2716 ut
572 2655 665 2735 magis
678 2659 754 2717 alma
767 2661 906 2735 rotundis,

203 2732 329 2797 Ponere':
350 2756 472 2813 namque
485 2756 593 2795 marem
607 2739 742 2797 cohibent
755 2740 862 2797 callosa
875 2741 1009 2800 vitellum.

203 2817 294 2875 Caule
308 2818 479 2890 suburbano,
493 2818 541 2893 qui
555 2818 639 2876 siccis
653 2819 743 2876 crevit
756 2818 786 2875 in
801 2820 886 2897 agris,
1115 2823 1153 2880 15

202 2896 320 2954 Dulcior
332 2916 339 2967 ;
360 2896 465 2973 irriguo
478 2897 549 2955 nihil
563 2908 606 2954 est
619 2898 724 2955 elutius
738 2898 826 2957 horto.

203 2977 236 3033 Si
250 2976 424 3052 vespertinus
438 2974 531 3033 subitb
545 2987 574 3034 tc
587 2977 757 3053 oppresserit
769 2978 882 3055 hospes,

203 3054 250 3113 Ne
263 3055 368 3131 gallina
381 3052 485 3113 malum
500 3067 646 3133 responset
659 3057 731 3114 dura
743 3057 850 3131 palato,-

202 3134 313 3192 Doctus
327 3134 382 3191 eris
396 3135 487 3191 vivam
501 3135 589 3193 mixto
602 3153 727 3193 mersare
741 3134 881 3193 Falerno:

204 3214 270 3271 Hoc
283 3224 410 3271 teneram
424 3214 516 3271 faciet.
558 3213 744 3271 Pratensibus
756 3214 864 3289 optima
877 3215 973 3291 fungis
1111 3215 1153 3275 20

201 3292 314 3350 Natura
327 3302 385 3362 cst;
407 3292 469 3349 aliis
482 3290 557 3349 male
572 3292 707 3349 creditur.
748 3290 802 3348 Ille
816 3292 943 3351 salubres

202 3371 329 3429 AEstates
341 3382 468 3448 peraget,
482 3372 531 3446 qui
541 3371 630 3446 nigris
643 3369 765 3446 prandia
777 3371 865 3429 moris

201 3450 307 3523 Finiat,
321 3462 387 3507 ante
400 3468 515 3527 gravem
529 3468 592 3525 quae
605 3449 707 3525 legerit
719 3449 819 3507 arbore
832 3451 929 3511 solem.

201 3529 335 3588 Aufidius
349 3530 414 3587 sorti
428 3529 568 3586 miscebat
581 3529 666 3587 mella
679 3528 818 3601 Faleru03

201 3606 353 3680 Mendose,
367 3609 501 3684 quoniam
515 3608 612 3666 vacuis
626 3610 804 3668 committere
817 3610 898 3668 renis

200 3688 251 3746 Nil
265 3688 321 3746 nisi
334 3689 399 3745 lene
414 3689 516 3745 decet:
537 3687 594 3745 leni
608 3689 764 3764 pracordia
776 3690 869 3748 mulso

199 3768 342 3826 Prolueris
356 3764 466 3825 melius.
509 3766 541 3823 Si
555 3768 625 3825 dura
638 3769 792 3827 morabitur
806 3770 896 3841 alvus,

201 3847 320 3923 Mytilus
333 3857 363 3904 et
376 3846 445 3905 viles
458 3846 565 3924 pellent
576 3847 720 3907 obstantia
732 3849 862 3920 conchae,

199 3926 238 3986 Et
251 3926 358 4005 lapathi
372 3926 464 3984 brevis
479 3926 575 4000 herba,
590 3928 640 3985 sed
655 3929 721 3987 albo
735 3948 793 3987 non
807 3928 870 3985 sine
884 3926 954 3985 Coo.
