2617 4442
492 344 699 397 SATIRARUM
716 344 783 395 Lm.
801 347 823 395 1.
840 348 865 396 5.

221 490 351 547 Setosam
363 486 428 546 laevi
443 488 564 547 frontem
577 499 738 565 turpaverat
750 489 816 549 oris.

221 569 402 645 Campanum
416 569 446 625 in
460 569 599 641 morbum,
615 569 644 627 iu
660 569 761 627 faciem
775 569 917 645 permulta
926 569 1054 648 jocatus,

220 648 366 707 Pastorem
380 648 495 705 saltaret
508 645 549 705 uti
564 648 690 724 Cyclopa
703 649 837 725 rogabat:

220 725 273 784 Nil
287 726 327 784 illi
341 726 419 783 larva
433 737 482 784 aut
495 728 611 803 tragicis
624 747 697 803 opus
711 730 774 785 esse
788 727 943 786 cothurnis.

134 798 141 811 “
221 804 316 863 Multa
329 805 458 866 Cicirrus
472 808 508 864 ad
523 807 600 863 haec:
622 808 760 865 donasset
770 808 868 884 jamne
882 817 1014 866 catenum
1132 809 1172 869 65

222 884 268 941 Ex
281 895 345 943 voto
358 885 490 958 Laribus,
504 886 667 962 querebat:
688 887 783 944 scriba
797 882 875 962 quod
888 896 974 961 esset,

222 962 356 1021 Deterius
369 964 458 1022 nihilo
472 965 594 1022 domina
606 965 653 1041 jus
667 984 738 1023 esse.
779 966 915 1041 Rogabat

222 1041 355 1120 Denique
369 1062 420 1101 cur
433 1062 558 1119 uuquam
572 1044 700 1119 fugisset,
715 1043 763 1102 cui
776 1041 846 1103 satis
860 1063 920 1103 una

223 1121 319 1179 Farris
331 1122 404 1179 libra
417 1122 497 1194 foret,
511 1122 612 1199 gracili
626 1123 669 1180 sic
682 1134 796 1199 tamque
809 1123 922 1199 pusillo.

223 1200 342 1259 Prorsus
352 1198 481 1277 jucunde
496 1220 608 1260 coenam
621 1204 806 1279 produximus
820 1203 906 1261 illam.
1132 1205 1171 1263 7⁰

262 1278 424 1337 Tendimus
438 1280 506 1338 hino
519 1281 598 1339 reeta
612 1280 819 1355 Beneventum,
834 1282 884 1338 ubi
898 1282 1015 1340 sedulus
1028 1282 1131 1361 hospes

222 1356 301 1417 Perre
316 1359 393 1432 arsit,
407 1378 518 1419 macros
532 1361 600 1417 dum
614 1362 713 1419 turdos
727 1372 819 1419 versat
833 1362 863 1419 in
876 1360 964 1437 igne:
1078 1379 1080 1382 ·

223 1438 300 1496 Nam
315 1458 388 1515 vaga
401 1458 452 1514 per
466 1449 590 1497 veterem
605 1440 714 1516 dilapso
727 1439 841 1498 flamma
854 1441 981 1498 culinam

222 1517 353 1575 Vulcano
367 1536 511 1577 summurn
524 1518 695 1594 properabat
707 1520 832 1576 lambere
845 1529 963 1577 tectum.

223 1597 363 1655 Convivas
378 1598 475 1658 avidos
489 1616 603 1655 cranam
618 1617 769 1673 servosque
783 1598 916 1657 timentes
1131 1600 1171 1657 75

222 1675 301 1733 Tum
315 1696 424 1753 rapere,
439 1688 524 1753 atque
537 1696 636 1735 omues
650 1678 827 1753 restinguere
840 1677 912 1735 velle
925 1677 1044 1737 rideres.

261 1755 368 1831 Incipit
381 1775 417 1813 ex
431 1755 478 1813 illo
491 1765 603 1815 montes
613 1756 720 1832 Apulia
733 1767 815 1814 notos

221 1834 374 1893 Ostentare
389 1836 468 1906 mihi,
482 1853 553 1910 quos
567 1847 654 1894 torret
669 1836 821 1909 Atabulus,
835 1845 864 1893 et
877 1854 947 1911 quos

220 1914 377 1990 Nunquam
392 1934 564 1991 erepsemus,
579 1915 634 1973 nisi
649 1935 703 1973 nos
716 1915 810 1973 vicina
822 1914 933 1973 Trivici

220 1994 296 2052 Villa
310 1994 472 2070 recepisset,
486 1994 645 2070 lacrymoso
659 2014 717 2053 non
732 1994 793 2052 sine
805 1994 893 2067 fumo,
1129 1993 1171 2053 80

220 2073 300 2132 Udos
313 2092 380 2131 oum
394 2074 466 2132 foliis
480 2093 573 2131 ramos
587 2085 688 2132 urente
702 2074 824 2131 camino.

259 2152 392 2215 Quatuor
406 2154 473 2211 bino
487 2154 612 2230 rapimur
625 2153 726 2230 viginti
740 2164 769 2211 et
782 2153 870 2210 millia
883 2152 990 2227 rhedis,

221 2230 351 2290 Mansuri
365 2232 499 2309 oppidulo
512 2232 588 2307 quod
601 2251 684 2289 versu
698 2232 794 2289 dicere
808 2250 866 2289 non
880 2242 933 2304 est,

221 2312 319 2388 Signis
332 2311 467 2388 perfacile
481 2322 541 2369 est:
562 2290 639 2369 vbllh
652 2311 787 2368 vilissima
800 2326 896 2367 rerum

221 2390 281 2448 Hic
296 2410 384 2467 aqua;
406 2391 457 2447 sed
471 2390 554 2465 panis
566 2387 652 2465 longe
667 2389 885 2466 pulcherrimus,
899 2385 974 2447 ultra
1130 2389 1171 2447 86

221 2470 351 2527 Callidus
365 2481 397 2527 ut
411 2468 500 2527 soleat
514 2468 640 2526 humeris
652 2480 764 2545 portare
778 2468 866 2527 viator
878 2475 891 2527 τ’

220 2549 297 2607 Nam
311 2546 421 2607 Canusi
435 2548 589 2624 lapidosus,
605 2566 685 2624 aqua
698 2567 757 2605 non
771 2548 854 2606 ditior
867 2567 956 2618 uma3

219 2629 282 2690 Qui
297 2629 376 2686 loeus
391 2648 407 2685 a
422 2628 484 2687 sorti
500 2628 639 2686 Diomede
653 2638 697 2686 est
710 2629 843 2686 conditus
855 2629 932 2687 olim.

221 2708 371 2767 Flentibus
385 2707 433 2765 hic
447 2708 552 2765 Varius
566 2708 689 2765 discedit
703 2719 820 2765 moestus
833 2708 942 2766 amicis.

260 2785 335 2844 lndd
349 2787 451 2845 Rubos
466 2787 532 2844 sessi
544 2788 734 2863 pervenimus,
748 2798 845 2864 utpote
858 2789 975 2864 longum
1129 2786 1171 2844 90

221 2865 379 2942 Carpentes
393 2867 454 2940 iter,
469 2877 497 2924 et
511 2866 618 2925 sactum
632 2868 791 2943 corruptius
805 2867 897 2925 imbri.
1094 2883 1097 2888 ·

222 2945 339 3004 Postera
351 2956 503 3022 tempestas
516 2946 630 3015 melior;
652 2947 698 3003 via
709 2947 788 3023 pejor
801 2947 838 3004 ad
851 2965 943 3022 usque

221 3023 289 3083 Bari
304 3026 409 3083 moenia
421 3026 533 3101 piscosi.
575 3024 690 3083 Dehinc
703 3026 820 3097 Gnatia,
834 3025 956 3103 lymphis

221 3103 305 3161 Iratis
319 3115 470 3177 exstructa,
485 3105 564 3165 dedit
577 3105 706 3180 risusque
717 3104 853 3179 jocosque
865 3124 872 3173 3

221 3182 309 3256 Dum,
324 3182 438 3241 flamma
452 3184 524 3256 sine,
538 3184 622 3241 thura
634 3184 793 3258 liquescere
806 3183 906 3239 limine
921 3199 1002 3239 sacro
1130 3181 1171 3239 95

221 3262 397 3320 Persuadere
411 3264 505 3339 cupit:
527 3262 625 3319 eredat
638 3260 657 3317 J
659 3261 758 3317 udaeus
772 3260 885 3335 Apella,

221 3340 290 3419 Non
304 3361 374 3417 ego;
396 3359 518 3417 namque
533 3342 602 3398 deos
616 3338 705 3397 didici
720 3357 853 3396 securum
867 3357 952 3416 agere
966 3355 1077 3410 aarum

221 3420 298 3490 Nec,
311 3422 335 3478 si
348 3421 416 3496 quid
429 3421 494 3478 miri
509 3420 594 3477 saciat
607 3428 719 3491 natura,
733 3419 802 3476 deos
817 3418 845 3476 id

221 3499 333 3557 Tristes
347 3520 381 3557 ex
396 3501 457 3558 alto
466 3498 532 3557 coeri
546 3499 695 3557 demittere
709 3508 793 3557 tecto.

221 3578 416 3639 Brundusium
430 3580 523 3655 longa
537 3578 602 3635 finis
616 3579 776 3655 charusque
790 3577 912 3657 vimque.
972 3617 979 3635 s
1036 3644 1040 3653 Ι
1107 3576 1175 3639 rto,

926 3636 974 3751 J
1098 3647 1106 3658 Ι
1168 3639 1171 3642 1

1033 3673 1037 3684 Ι

936 3752 958 3767 υ·
1059 3641 1169 3813 ss

937 3782 950 3796 Q
1056 3790 1060 3797 r
