2617 4442
507 349 709 400 CARMINUM
726 351 792 400 LIB.
810 352 846 400 11.

508 589 562 620 ι·
591 573 677 633 ODE
697 573 820 634 111.-

573 709 613 749 su
628 710 773 751 nummu.

337 811 467 904 AEauasp
475 811 719 904 memenpo'rebus
733 810 872 898 inflandum

337 893 455 950 Servare
469 899 605 962 mentem,
620 909 679 948 non
693 887 778 948 seclis
791 890 822 948 in
835 890 917 949 bonis

374 970 423 1028 Ab
436 968 570 1060 iuppleupi
584 980 693 1060 temper
724 988 775 1059 am.

414 1047 537 1135 Laetrtrp,
552 1059 699 1131 mouture}
730 1048 787 1121 elli,

337 1129 396 1187 Seu
410 1139 527 1186 moestus
540 1128 618 1186 omui
632 1138 759 1204 tempore
773 1126 885 1198 vixeris,

336 1209 394 1267 Seu
407 1217 436 1264 te
449 1208 480 1265 iu
494 1218 602 1266 remoto
614 1197 744 1283 g'rarnine
757 1227 807 1283 per
820 1207 908 1266 dies*

375 1286 476 1344 Festos
488 1286 658 1352 reclinatum
672 1287 767 1344 bearis

414 1365 553 1425 Interiora
567 1367 636 1424 notia
650 1365 776 1438 Falerni,
865 1433 879 1450 r

334 1445 406 1508 Qua
418 1445 504 1520 pinus
517 1445 621 1522 ingens
634 1446 753 1520 albaque
766 1444 888 1520 populus

334 1524 472 1582 Umbram
486 1525 653 1599 hospitalem
668 1524 832 1582 consociare
846 1533 945 1579 amant

376 1602 489 1673 Ramis,
503 1603 559 1677 quai
573 1612 603 1659 et
616 1602 729 1677 obliquo
741 1601 851 1658 laborat

301 1695 303 1700 ’
425 1680 557 1757 Lympha
571 1681 658 1757 fugax
671 1680 812 1756 trepidare
825 1679 893 1738 rivo.

336 1761 406 1818 Hue
420 1760 495 1832 vina,
509 1771 539 1818 et
553 1771 709 1836 unguenta,
724 1770 753 1817 et
766 1756 888 1817 nimium
902 1757 993 1817 brevis

336 1840 435 1898 Flores
449 1859 576 1897 amoeuos
591 1839 664 1896 ferre
674 1840 744 1916 jube
758 1856 840 1910 rosae,

375 1918 453 1976 Dum
467 1938 522 1990 res,
536 1929 565 1976 et
579 1929 657 1991 aetas,
671 1929 700 1977 et
714 1919 850 1977 Sororum

414 1997 478 2055 Fila
491 1998 578 2058 trium
591 1999 738 2074 patiuntur
752 2009 820 2056 atra

335 2077 429 2136 Cedes
443 2078 582 2154 coemptis
596 2078 725 2148 saltibus,
739 2089 768 2133 et
781 2079 875 2149 domo,

315 2185 316 2189 1
334 2156 466 2231 villaque
480 2153 568 2214 flavus
581 2175 667 2232 quam
681 2156 797 2213 Tiberis
810 2155 895 2213 lavit:

373 2235 469 2292 Cetles
480 2255 487 2303 3
508 2247 537 2293 et
550 2236 702 2294 exstructis
715 2235 745 2292 in
759 2235 848 2291 altum

414 2312 529 2371 Divitiis
541 2314 665 2388 potietur
678 2315 778 2370 haeres.

334 2392 472 2463 Divesne,
485 2391 581 2467 priseo
594 2402 680 2449 natus
693 2391 729 2447 ab
742 2390 862 2461 Inacho,

336 2470 386 2528 Nil
401 2471 528 2541 interest,
543 2489 579 2526 an
595 2488 712 2546 pauper,
726 2479 755 2527 et
768 2467 867 2526 infimis

374 2548 421 2607 De
434 2560 529 2624 gente,
544 2549 597 2606 sub
611 2549 676 2607 divo
689 2549 817 2621 moreris,

416 2627 541 2686 Victima
554 2628 595 2686 nil
609 2629 771 2687 miserantis
784 2626 864 2685 Orci.

335 2706 446 2766 Omnes
459 2703 563 2766 elidem
577 2709 723 2784 oogimur:
744 2707 873 2766 omnium

334 2787 472 2846 Versatur
485 2805 573 2858 uma;
595 2785 687 2846 serius
699 2785 781 2845 ocius

374 2866 443 2924 Sors
456 2866 575 2939 exitura,
590 2878 619 2926 et
632 2886 685 2926 nos
699 2867 729 2924 in
744 2877 882 2924 aetemum

413 2943 552 3004 Exsilium
567 2947 734 3023 impositura
747 2945 865 3024 eymbae.

595 3255 682 3313 ODE
701 3255 754 3314 lv.

560 3391 599 3430 Au
613 3390 791 3433 summust.

333 3497 473 3566 Samari,
487 3492 585 3552 Gades
598 3491 708 3550 aditure
721 3512 846 3567 meeum,
860 3505 889 3554 et

333 3574 511 3635 Cantabrum
525 3573 673 3630 indoctum
685 3572 755 3650 juga
769 3574 842 3632 ferre
855 3585 962 3648 nostra,
975 3585 1005 3634 et

333 3654 472 3714 Barbarae
486 3653 593 3729 Syrtes,
607 3652 658 3730 ubi
671 3650 775 3711 Maura
788 3673 899 3732 semper

492 3731 608 3790 AEstuat
621 3732 716 3790 unda:

334 3811 439 3886 Tibur,
453 3811 550 3890 Argeo
563 3811 687 3890 positum
701 3812 812 3885 colono,

336 3892 381 3952 Sit
393 3911 465 3950 mee
480 3893 563 3950 sedes
577 3891 688 3950 utinam
701 3892 841 3949 seneetael
