2617 4442
438 326 647 375 SATlRARUbl
659 326 728 374 nm.
746 326 788 376 ΙΙ,
802 331 824 377 1.

497 581 500 589 Ι
556 540 701 575 nonarius.

443 590 601 703 stupidum,
615 636 696 701 pater
708 627 825 703 optime,
839 628 913 685 vires

166 706 333 765 Deficiunt:
354 708 543 781 imque-renim
552 707 649 781 quiuis·
658 706 804 764 horrentia·
814 707 880 783 pilis

167 786 307 862 Agmina,
321 802 380 845 uec
389 785 479 843 iractn
493 788 646 862 perenm'ns
658 786 782 863 cuspide
790 786 899 860 Gallos,

164 864 859 941 Autlabentis2equo,doenribatsnlnora,Pdrthi.
1088 866 1126 925 15

545 1010 708 1050 annuamus.
803 1046 806 1054 ,

168 1103 309 1159 Attamen
323 1072 356 1159 εἰι
362 1100 597 1177 justumpoteras
606 1112 637 1159 et
649 1101 776 1159 seribere
785 1101 900 1176 fortem,
974 1121 978 1129 ·

169 1181 337 1259 Scipiadam
349 1180 674 1257 utsapionslrusiliuso.
703 1217 706 1223 -

552 1318 698 1366 nonarrus.

681 1418 781 1476 Hand
785 1419 856 1477 mibi
869 1420 967 1493 ἁθοῑο,

168 1500 272 1561 Quum
286 1517 331 1555 res
344 1498 412 1573 ipsa·
408 1497 500 1557 wleret
532 1489 600 1555 Nisi
611 1498 711 1555 dextro
722 1509 861 1575 ternpore,
876 1498 976 1560 Flacci
1077 1512 1080 1517 “

169 1579 268 1636 Verba
281 1593 339 1653 pet
344 1588 483 1637 attentam
496 1596 560 1649 non
570 1578 659 1635 ibunt
666 1577 794 1641 Caesaris
801 1596 916 1636 aurem:

168 1658 227 1716 Cui
241 1654 314 1715 male
330 1677 354 1713 sr
346 1656 492 1733 palpere,
507 1656 671 1719 recalcitrat
682 1657 811 1733 undique
823 1667 915 1716 tutin
996 1706 999 1710 ,
1083 1660 1124 1718 20

543 1806 707 1841 mmmmm}-

165 1892 290 1958 Quanto
304 1892 488 1969 metirislruo,
503 1892 589 1969 qudrn
602 1894 675 1952 tristi
688 1894 793 1953 ledere
808 1914 891 1953 versu

168 1975 359 2033 Pantolabum
374 1973 790 2049 scmaomrNomeubanumqne
801 1986 935 2051 nepotem
941 1976 954 2033 l
970 2001 972 2004 ·

167 2054 270 2118 Quum
284 2054 338 2111 sibi
352 2054 470 2129 quisque
484 2052 574 2126 timet,
588 2072 751 2129 quanquam
764 2065 808 2112 est
821 2054 955 2130 intactis,
969 2056 1084 2115 studit.

551 2198 694 2235 HOBOET'I'US·

166 2292 250 2355 Quid
264 2290 390 2349 faciaml
423 2287 676 2362 saltatludonius,
690 2301 723 2348 ut
736 2292 823 2349 semel
837 2292 896 2351 icto

168 2372 303 2430 Accessit
313 2372 404 2428 ferror
419 2369 509 2445 capili
519 2383 713 2443 numerusque
725 2370 866 2429 lucernis:

169 2453 272 2523 Castor
286 2450 392 2527 gaudet
405 2449 502 2524 equis3
523 2466 576 2506 oso
588 2459 749 2525 prognatus
759 2450 873 2524 eodem,
946 2459 948 2462 ’

149 2558 152 2563 ·
167 2530 293 2607 Pugnis:
314 2538 387 2604 quot
397 2528 523 2604 capitum
538 2527 644 2601 vivunt
659 2529 777 2586 totidem
792 2530 950 2589 studiorum
980 2539 984 2546 ’

169 2610 270 2668 Millia.
306 2609 356 2667 Me
369 2609 490 2685 pedibus
504 2607 627 2666 delectat
635 2609 885 2684 'claudereverbq

168 2688 264 2747 Lucili
278 2690 344 2761 ritu,
359 2688 490 2746 nostrum
505 2688 630 2745 melioris
644 2699 773 2764 utroque.

168 2769 221 2827 Ille
235 2770 311 2825 velut
324 2768 507 2825 fidisarcana
520 2767 663 2825 sodalibus
676 2768 744 2826 olim
791 2775 794 2782 “
1081 2773 1122 2831 30

167 2848 312 2906 Credebat
325 2847 419 2917 libris;
441 2862 544 2921 neque,
558 2847 581 2903 si
595 2844 672 2905 malti
686 2858 820 2921 cesserat,
835 2864 955 2924 usquam

166 2926 333 2985 Decurrens
347 2924 402 2983 alid
405 2944 520 3016 ‚neque
536 2927 559 2983 si
574 2927 665 2984 bene:
686 2945 742 3003 quc
756 2927 787 2985 fir
800 2939 832 2986 ut
844 2929 939 2986 omnis

170 3007 271 3065 Votivri
284 3016 378 3083 pateat
391 3006 475 3062 velut
456 3016 477 3062 tr
492 3005 633 3082 descripta
646 3007 751 3064 tabella

166 3087 235 3145 Vita
249 3086 334 3143 senis.
370 3086 481 3159 Sequor
494 3086 581 3159 hunc,
596 3085 733 3143 Lucanus
747 3106 785 3143 an
800 3087 941 3163 Appulus,
955 3104 1080 3166 anceps:

166 3166 244 3224 Nam
258 3164 423 3221 Venusinus
438 3175 498 3221 arat
512 3164 598 3221 finem
613 3165 667 3221 sub
679 3176 832 3240 utrumque
845 3167 974 3238 colonus,
1080 3170 1120 3227 35

166 3245 276 3302 Missus
288 3245 325 3301 ad
339 3246 394 3302 hoc
396 3244 516 3319 ,pulsis
531 3254 612 3300 vetus
626 3254 670 3300 est
683 3252 715 3301 ut
729 3244 813 3316 fama,
829 3244 961 3317 Sabellis,

164 3320 236 3386 Quo
251 3343 288 3380 ne
301 3342 351 3399 per
365 3339 487 3380 vacuum
501 3322 658 3380 Romano
650 3333 808 3379 incurreret
821 3323 925 3392 hostis3

167 3405 234 3461 Sive
248 3400 325 3478 qubd
340 3402 454 3479 Appula
468 3420 549 3478 gens
563 3420 614 3458 seu
628 3398 707 3477 qudd
721 3402 852 3459 Lucania
865 3367 972 3460 bellum
1037 3432 1040 3437 ·

165 3483 314 3540 Incuteret
328 3482 460 3540 violenta
496 3480 555 3537 Sed
569 3480 616 3538 hic
630 3482 719 3557 stylus
733 3482 809 3540 baud
823 3493 900 3559 petet
914 3482 989 3542 ultro

164 3562 340 3637 Quenquam
355 3562 545 3631 animantem
567 3572 596 3618 et
609 3580 660 3619 me
670 3562 755 3619 veluti
770 3562 910 3622 custodiet
922 3563 1002 3624 ensis
1073 3568 1119 3627 40

164 3641 281 3719 Virginis
294 3652 388 3699 tectus
400 3660 406 3710 ;
427 3659 512 3716 quem
526 3660 577 3698 cur
591 3641 761 3717 distringere
775 3660 872 3716 coner,

165 3720 262 3778 Tutus
277 3721 313 3777 ab
324 3720 434 3778 infestis
447 3720 623 3778 latronibusl
657 3720 686 3778 Ο
700 3732 780 3797 pater
794 3732 823 3779 et
836 3742 887 3780 rex

164 3799 289 3877 Jupiter,
304 3811 337 3858 ut
349 3809 446 3876 pereat
458 3800 582 3877 positum
596 3800 730 3876 rubigine
740 3802 841 3874 talum,

165 3880 231 3939 Nec
244 3881 392 3957 quisquam
407 3889 510 3938 noucat
523 3880 627 3956 cupido
641 3880 713 3938 mihi
726 3881 822 3957 pacis!
857 3880 898 3939 Ar
911 3878 969 3949 fik,
