2617 4442
484 357 514 413 Q.
532 355 679 403 HORATll
696 355 830 405 Funccl.

322 498 455 578 Impune,
469 499 552 570 Lolli,
567 517 683 574 carpere
696 497 797 554 lividas

321 579 495 638 Obliviones.
529 577 583 636 Est
596 578 708 634 animus
721 577 773 634 tibi

360 658 529 732 Rerumque
542 657 677 732 prudens,
691 666 720 713 et
733 655 869 712 secundis

401 735 593 811 Temporibus
607 734 756 810 dubiisque
769 745 882 803 rectus3

321 816 437 873 Vindex
451 832 540 871 avarae
555 813 672 884 fraudis,
687 823 716 870 et
729 812 876 871 abstinens

322 893 463 952 Ducentis
477 893 513 949 ad
527 911 558 948 se
572 901 678 948 cuncta
690 891 838 967 pecunire3

362 972 526 1046 Consulque
540 989 598 1027 non
613 971 699 1027 unius
712 969 791 1041 anni,

402 1051 459 1107 Sed
473 1050 583 1124 quoties
597 1049 689 1104 bonus
702 1059 785 1122 atque
799 1047 873 1104 fidus

322 1129 340 1186 J
343 1130 418 1186 udex
431 1129 581 1185 honestum
595 1127 718 1202 praetulit
731 1126 803 1197 utili,
817 1134 847 1182 et

322 1207 438 1282 Rejecit
451 1207 507 1263 alto
521 1206 595 1262 dona
609 1205 776 1262 nocentium

362 1285 461 1356 Vultu,
475 1295 504 1341 et
516 1304 566 1359 per
579 1284 724 1341 obstantes
738 1292 865 1339 catervas

401 1363 546 1439 Explicuit
559 1382 611 1419 sua
625 1363 714 1419 victor
727 1380 814 1418 arma.

324 1441 394 1500 Non
407 1442 598 1518 possidentem
612 1440 701 1497 multa
715 1437 859 1497 vocaveris

232 1553 234 1556 ·
323 1519 419 1579 Recte}
434 1521 566 1577 beatum:
586 1517 694 1577 rectibs
706 1527 829 1595 occupat

363 1599 478 1658 Nomen
493 1598 577 1669 beati,
591 1597 640 1672 qui
654 1599 771 1655 deorum

402 1676 573 1735 Muneribus
587 1677 727 1750 sapienter
741 1676 793 1748 uti,

323 1757 488 1830 Duramque
502 1755 585 1810 callet
598 1754 763 1829 pauperiem
776 1754 844 1830 pati,

323 1835 463 1911 Pejusque
476 1832 533 1889 leto
547 1831 685 1907 flagitium
699 1832 795 1902 timet;

363 1911 432 1970 Non
446 1911 494 1969 ille
507 1929 557 1986 pro
570 1910 644 1966 caris
657 1909 758 1966 amicis

402 1991 463 2049 Aut
475 1989 567 2066 patriti
580 1987 698 2046 timidus
710 1987 811 2064 perire.

587 2304 673 2363 oon
686 2263 741 2364 ix.

546 2444 587 2483 An
600 2444 781 2485 moumNtJnt.

246 2543 275 2602 Ο
289 2561 436 2602 cnunnnrs
450 2543 556 2614 adhuc,
570 2551 600 2598 et
612 2543 735 2599 Veneris
749 2544 916 2601 muneribus
928 2553 1038 2620 potens,

246 2622 394 2698 Insperata
407 2633 464 2680 ture
477 2639 566 2696 quum
579 2620 674 2677 veniet
687 2621 783 2696 pluma
797 2623 946 2696 superbiae,

246 2700 293 2772 Et,
307 2719 370 2776 quae
384 2720 462 2758 nuno
476 2699 601 2757 humeris
614 2699 772 2771 involitant‚
787 2701 945 2758 deciderint
958 2719 1059 2773 comte,

245 2778 335 2837 Nunc
349 2789 378 2836 et
391 2780 439 2855 qui
450 2779 527 2836 color
540 2787 584 2834 est
597 2778 727 2854 punicea
742 2778 809 2835 flore
823 2780 899 2853 prior
912 2798 983 2837 rosae

247 2856 376 2915 Mutatus
390 2857 560 2934 Ligurinum
575 2856 604 2913 in
619 2857 722 2914 faciem
736 2858 850 2914 verterit
860 2859 1018 2934 hispidam3
1137 2858 1159 2914 5

247 2936 345 3008 Dices,
361 2941 378 2967 “
389 2936 490 2994 Heul''
507 2933 629 3012 (quoties
643 2946 672 2992 te
686 2936 715 2992 in
730 2936 846 3011 speculo
860 2937 963 2994 videris
976 2934 1110 3015 alterum)

249 3019 267 3044 “
276 3014 353 3077 Quae
368 3034 449 3072 mens
463 3025 506 3073 est
521 3013 615 3085 hodie,
630 3033 682 3070 cur
696 3015 797 3070 eadem
811 3033 868 3073 non
882 3033 971 3090 puero
985 3015 1058 3074 tritt

247 3092 302 3151 Vel
316 3112 367 3151 cur
381 3095 424 3152 his
438 3093 541 3152 animis
555 3093 713 3151 incolumes
726 3112 784 3149 non
797 3094 919 3151 redeunt
932 3113 1014 3170 genae
1024 3094 1055 3152 ‘1¹’

593 3409 737 3466 ODEX.

543 3545 583 3582 AD
597 3544 781 3584 Pflmmnbt.

327 3641 389 3699 Esn
402 3642 472 3698 mihi
486 3661 594 3699 nonum
608 3643 767 3719 superantis
781 3662 889 3701 annum

327 3721 432 3778 Plenus
445 3721 551 3779 Albani
566 3723 671 3779 cadus:
692 3733 736 3779 est
749 3722 778 3778 in
793 3723 883 3795 horto,

327 3798 429 3873 Phylli,
444 3802 593 3858 nectendis
607 3802 702 3876 apium
715 3802 841 3859 coronis:

563 3878 616 3936 Est
629 3881 741 3937 hederae
755 3879 796 3935 vis
