2617 4442
185 368 241 430 ico
510 362 847 422 onomnrmcor

222 508 274 568 Me
286 518 416 568 constare
430 508 500 566 mihi
513 507 580 581 scis,
594 517 624 565 et
636 506 785 564 discedere
798 505 918 580 tristem,

221 588 462 663 Quandocunque
476 587 593 645 trahunt
606 585 697 642 invise
709 585 825 661 negotis
837 585 962 644 Romam

222 666 291 725 Non
305 667 405 725 eudem
420 665 572 736 miramon
593 662 629 723 eb
641 665 820 722 disconvenit
833 665 906 722 inter

222 743 328 821 Meque
342 757 371 804 et
383 755 428 803 te:
449 762 526 816 nam,
540 762 603 819 que
617 743 729 801 deserte
741 753 771 799 et
784 742 926 819 inhospita
939 753 1041 819 tesquu

222 823 335 897 Credis,
349 843 462 883 umoeno
474 834 556 881 vocat
569 840 682 881 mecum
696 820 745 896 qui
758 821 854 893 sentit,
868 832 898 879 et
909 823 970 880 odit

223 904 301 967 Qnae
315 916 346 962 tu
359 902 477 979 pulchro
490 911 581 978 putas.
622 900 729 958 Fomix
742 899 794 957 tibi
807 910 837 957 et
850 911 938 958 unctu
949 901 1058 978 popius

222 982 373 1043 Inoutinnt
386 980 464 1039 urbis
476 979 659 1051 desiderium,
673 978 770 1047 video3
790 989 820 1036 et
832 976 909 1054 qudd

225 1062 357 1137 Angulus
370 1061 424 1118 iste
439 1059 509 1117 feret
521 1057 602 1135 piper
615 1068 644 1115 et
658 1057 724 1115 thus
737 1054 820 1115 ocius
832 1058 904 1129 uvd;

222 1142 289 1200 Nec
302 1140 397 1196 vicina
409 1138 515 1210 subest,
529 1137 627 1194 vinum
640 1136 767 1212 prebere
779 1137 899 1194 taberna

221 1220 299 1283 Quae
311 1217 400 1294 possit
412 1217 462 1274 tibi
474 1236 481 1286 ;
502 1234 558 1273 nec
572 1215 705 1273 meretrix
718 1215 847 1287 tibicine,
860 1215 943 1291 eujus

221 1299 271 1356 Ad
285 1297 431 1372 strepitum
446 1296 529 1353 salias
542 1306 623 1352 terrae
634 1296 735 1370 gravis.
777 1294 815 1351 Et
827 1306 923 1351 temen
937 1314 1023 1371 urges

222 1378 241 1435 J
243 1376 399 1452 ampridem
412 1394 471 1432 non
484 1384 561 1432 tecte
573 1373 717 1449 ligonibus
730 1392 805 1444 orvs,
819 1372 975 1449 bovemque

223 1456 407 1532 Disjunctum
420 1472 514 1524 curus,
529 1465 558 1510 et
571 1452 677 1509 strictis
691 1452 837 1511 frondibus
847 1452 960 1529 exples:

224 1535 315 1592 Addit
327 1553 399 1609 opus
411 1532 493 1608 pigro
507 1531 592 1602 rivus,
606 1531 631 1587 si
645 1530 753 1588 decidit
766 1531 866 1603 imber,

223 1612 317 1672 Mults
330 1612 404 1670 mole
417 1611 566 1671 docendus
578 1609 674 1685 aprico
686 1628 803 1686 parcere
816 1621 905 1687 prato.

263 1692 361 1762 Nunc,
373 1709 436 1766 nge,
450 1690 517 1765 quid
532 1699 658 1747 nostrum
672 1700 844 1746 concentum
858 1689 974 1765 dividet,
989 1690 1064 1749 sudi.

222 1770 321 1833 Quem
335 1778 436 1825 tennes
450 1766 574 1825 decuere
588 1780 662 1843 togae
676 1767 814 1843 nitidique
828 1768 934 1843 espilli,

222 1848 322 1909 Quem
335 1845 411 1904 nosti
425 1846 553 1903 bibulum
566 1846 664 1903 medie
677 1847 713 1903 de
726 1847 791 1905 luce
804 1844 930 1919 Falerni,

223 1926 315 1984 Cornu
328 1925 420 1982 brevis
430 1924 518 1999 juvet,
532 1933 561 1981 et
574 1944 661 2000 prope
674 1925 766 1982 rivum
779 1944 896 1983 somnus
909 1926 940 1983 in
954 1925 1060 1985 berbi:

223 2004 290 2062 Nec
303 2005 404 2073 lusisse
417 2003 514 2079 pudet,
530 2004 580 2059 sed
594 2020 652 2060 non
667 2003 795 2062 incidere
807 2004 916 2061 ludum.

223 2083 290 2141 Non
305 2082 391 2140 isthic
403 2080 517 2157 obliquo
530 2081 614 2139 oculo
626 2100 692 2139 mes
704 2084 855 2142 commodo
867 2084 1016 2160 quisquam

223 2161 334 2233 Limut3
356 2181 414 2219 non
427 2161 493 2219 odio
505 2161 627 2219 obscuro
640 2178 792 2238 morsuque
805 2174 934 2221 venenet.

224 2241 335 2300 Rident
347 2240 434 2298 vicini
447 2240 544 2317 glebas
557 2251 586 2297 et
599 2258 670 2298 sure
682 2252 851 2298 moventem.

223 2321 300 2378 Cum
314 2320 401 2379 serris
415 2320 524 2377 urbana
538 2319 628 2376 disris
639 2320 741 2378 rodere
754 2320 861 2389 movis;

224 2398 337 2458 Horum
350 2410 381 2457 tu
395 2400 425 2456 in
439 2418 588 2456 numerum
603 2410 669 2457 roto
681 2399 748 2455 ruis.
789 2398 903 2456 Invidet
915 2417 1000 2456 usum

224 2478 381 2554 Lignorum
395 2489 424 2536 et
436 2478 547 2553 pecoris
561 2477 612 2535 tibi
626 2478 689 2535 culo
701 2487 818 2553 argutus
830 2489 859 2534 et
872 2478 954 2535 horti.

224 2556 313 2633 Optat
326 2557 458 2633 ephippia
472 2557 522 2614 bos
534 2556 630 2631 piger3
650 2566 728 2632 optet
742 2574 821 2613 urere
835 2556 971 2614 caballus.

223 2633 321 2696 Quum
335 2635 390 2693 scit
403 2645 531 2709 uterque,
544 2634 645 2707 libens,
660 2636 794 2709 censebo,
808 2645 940 2692 exercent
954 2644 1051 2693 urtem.

524 2946 730 3007 EPISTOLA
750 2950 817 3008 XV.

506 3082 546 3123 sn
560 3084 727 3126 notionum
740 3084 849 3124 viuum.

221 3185 313 3248 Quin
328 3184 365 3243 sit
379 3184 470 3243 hiems
483 3184 583 3257 Velie,
597 3185 673 3260 quod
687 3185 801 3258 coelum,
815 3184 898 3257 Vale,
913 3185 1036 3259 Salerni,

221 3265 356 3326 Quorum
370 3264 518 3322 hominum
531 3264 619 3340 regio,
633 3275 663 3322 ot
676 3264 840 3339 qualisvis:
863 3262 944 3338 (nem
957 3264 1029 3322 mihi
1041 3264 1130 3323 Boius

222 3343 309 3401 Musa
320 3361 508 3419 supervacuus
522 3344 677 3415 Antonius,
691 3354 829 3400 ettamen
843 3343 899 3400 illis

223 3421 273 3478 Me
288 3422 356 3478 facit
369 3421 500 3491 invisum,
515 3420 609 3495 gelide
622 3440 710 3496 quum
723 3422 837 3496 perluor
851 3421 930 3478 undd

223 3498 277 3557 Per
291 3499 418 3556 medium
432 3498 536 3573 frigus:
558 3497 627 3556 send
642 3511 763 3574 myrteta
776 3500 907 3575 relinqui,
1154 3500 1178 3559 5

222 3576 364 3651 Dictaque
379 3587 537 3633 cessantem
552 3578 645 3634 nervis
659 3579 764 3636 elidere
778 3580 908 3636 morbum

223 3655 366 3730 Sulphure
379 3654 533 3725 contemni,
547 3655 626 3711 nous
640 3658 739 3731 gemit,
754 3657 866 3714 invidus
879 3657 962 3733 egris

222 3734 284 3795 Qui
299 3744 384 3808 caput
397 3743 426 3789 et
439 3733 615 3790 stomachum
629 3754 787 3810 supponere
802 3736 927 3793 fontibus
940 3736 1048 3794 sudent

223 3812 360 3882 Clusinis,
374 3812 535 3886 Gabiosque
549 3823 649 3887 petunt
662 3824 691 3870 et
704 3815 806 3890 frigida
818 3834 901 3873 rura:

223 3890 381 3947 Mutandus
394 3891 475 3949 locus
488 3902 540 3965 est,
554 3902 583 3949 ct
596 3891 749 3950 diverseris
761 3904 829 3951 note
