2617 4442
506 360 713 410 SATIRARUM
731 361 798 411 LIB.
816 364 852 413 11.
869 365 893 413 ll.
943 397 946 403 -

235 506 336 565 Persta
349 515 434 581 atque
447 504 565 578 obdura,
579 523 630 563 seu
644 505 731 563 rubra
744 505 886 565 Canicula
899 506 990 566 findet

235 585 366 643 Infantes
380 595 496 657 statuas,
507 603 558 641 seu
571 584 672 661 pingui
686 594 782 643 tentus
795 604 893 644 omaso

235 664 341 722 Furius
356 664 489 721 hibernas
503 663 578 722 cant
590 663 656 721 nive
671 675 810 740 conspuet
830 665 928 741 Alpes.

236 743 371 801 “Nonne
386 742 493 814 vides,''
509 743 609 818 aliquia
624 744 722 802 cubito
736 755 859 801 stantem
873 742 960 821 prope
975 755 1097 821 tangens

235 820 360 897 Inquiet,
372 827 390 852 “
401 832 432 878 ut
445 822 571 897 patiens!
593 831 625 879 ut
639 823 740 881 amicis
753 824 851 899 aptus!
873 833 905 880 ut
918 843 984 882 acer
995 825 1022 882 !”

235 901 336 959 Plures
350 900 498 959 armabunt
511 900 625 974 thunni,
639 909 669 958 et
681 902 789 961 cetaria
802 913 941 961 crescent.

237 981 269 1038 Si
283 979 330 1037 cui
344 991 479 1056 preterea
492 980 602 1037 validus
616 978 691 1038 male
706 980 781 1039 filius
795 981 825 1038 in
838 1000 870 1039 re

235 1059 377 1117 Praeclard
391 1059 519 1117 sublatus
532 1060 639 1130 aletur;
660 1078 699 1117 ne
713 1060 896 1118 manifestum

236 1138 352 1196 Caelibis
366 1138 533 1214 obsequium
547 1139 637 1196 nudet
650 1149 689 1212 te,
703 1137 804 1197 leniter
818 1140 848 1197 in
862 1159 942 1217 spem

236 1220 346 1294 Arrepe
359 1217 511 1290 officiosus,
525 1229 557 1275 ut
570 1226 599 1275 et
612 1219 737 1276 scribare
751 1220 896 1276 secundus

236 1296 347 1369 Heres,
361 1307 399 1369 et,
414 1297 438 1354 si
450 1297 513 1374 quis
527 1315 611 1355 casus
624 1317 745 1374 puerum
758 1299 849 1375 egerit
862 1297 951 1372 Orco,

236 1375 272 1434 In
285 1394 407 1433 vacuum
422 1377 535 1435 venias:
555 1374 672 1453 perrard
686 1379 748 1436 lraec
762 1377 825 1436 alea
839 1378 917 1435 fallit
1149 1378 1189 1435 50

235 1456 297 1518 Qui
307 1465 509 1514 testamentum
523 1457 615 1515 tradet
628 1457 680 1514 tibi
695 1475 809 1533 cunque
822 1456 989 1533 legendum,

236 1535 374 1592 Abnuere
388 1545 417 1593 et
431 1535 542 1593 tabulas
556 1554 573 1593 a
586 1547 614 1593 te
629 1555 774 1594 removere
788 1545 950 1594 memento:

237 1614 287 1673 Sic
300 1624 397 1671 tumen
412 1624 444 1673 ut
457 1614 532 1671 limis
543 1615 636 1690 rapias
650 1615 719 1690 quid
732 1614 825 1691 prima
838 1615 966 1673 secundo

236 1694 312 1751 Cera
324 1693 391 1751 velit
404 1712 503 1765 versu3
524 1694 601 1751 solus
614 1695 750 1751 multisne
764 1695 901 1767 coheres,

235 1772 337 1831 Veloci
349 1790 483 1849 percurre
496 1773 588 1832 oculo.
629 1773 801 1849 Plerumque
814 1784 945 1831 recoctus
1148 1774 1189 1831 5⁵

237 1852 338 1911 Scriba
351 1872 388 1910 ex
400 1852 597 1929 Quinqueviro
611 1871 726 1911 corvum
741 1853 859 1911 deludet
872 1853 1009 1926 hiantem,

236 1930 426 2008 Captatorque
440 1932 518 1990 dabit
531 1932 604 1991 risus
618 1932 727 1990 Nasica
741 1932 864 1990 Corano.

630 2082 750 2116 ULYSSEE.

235 2166 316 2226 Num
330 2168 419 2227 furisl
432 2187 469 2226 an
483 2168 608 2245 prudens
620 2168 696 2226 ludis
708 2185 756 2225 me
769 2168 891 2227 obscura
904 2167 1057 2228 caneudcl

626 2316 761 2351 diunales.

236 2405 264 2462 Ο
277 2405 440 2479 Laertiade,
454 2404 592 2481 quidquid
606 2403 712 2475 dicam,
726 2412 775 2460 aut
788 2402 851 2474 erit,
865 2412 915 2459 aut
927 2417 1003 2461 non:

236 2484 372 2545 Divinare
386 2484 493 2544 etenim
508 2500 630 2561 magnus
643 2482 714 2539 mihi
729 2482 815 2539 donat
828 2481 939 2559 Apollo.
1148 2482 1188 2539 60

630 2632 750 2665 ULYSSES.

234 2720 315 2785 Quid
329 2732 425 2780 tamen
439 2719 493 2779 ista
505 2720 573 2778 velit
585 2720 639 2782 sibi
652 2719 758 2793 sabula,
772 2718 884 2793 silicet,
898 2718 961 2778 ede.

622 2870 754 2904 ernustus.

235 2955 379 3033 Tempore
393 2978 449 3035 quo
459 2957 572 3035 juvenis
586 2956 698 3015 Parthis
712 2958 880 3031 horrendus,
893 2958 931 3016 ab
943 2956 1001 3017 alto

235 3035 398 3094 Demissurn
412 3056 504 3113 genus
518 3038 622 3110 AEnei,
636 3037 736 3095 tellure
750 3038 877 3112 marique

235 3113 361 3192 Magnus
374 3117 436 3190 erit,
451 3118 514 3175 forti
527 3116 616 3175 nubet
628 3134 749 3193 procera
759 3117 873 3173 Corano

235 3192 309 3253 Filia
322 3194 448 3268 Nasioae,
463 3196 615 3254 metuentis
628 3195 749 3251 reddere
762 3195 881 3251 soldum.
1080 3226 1083 3235 Δ
1146 3194 1185 3252 65

235 3272 314 3331 Tum
327 3293 415 3351 gener
430 3276 484 3333 hoc
497 3275 583 3332 faciet
594 3293 601 3343 ;
623 3273 733 3330 tabulas
747 3290 846 3329 socero
859 3270 948 3344 dabit,
960 3281 1045 3349 atque

233 3351 272 3410 Ut
285 3352 361 3429 legat
374 3354 480 3413 orabit:
503 3350 625 3411 multirm
639 3350 749 3408 Nasica
762 3361 879 3427 negatas

234 3432 368 3509 Accipiet
381 3434 498 3492 tandem
512 3444 541 3489 et
554 3431 658 3489 tacitus
671 3432 765 3507 leget3
787 3429 967 3506 invenietque

233 3509 284 3567 Nil
298 3511 350 3569 sibi
366 3513 501 3590 legatum,
515 3520 617 3587 praeter
627 3510 746 3587 plorare,
761 3510 884 3584 suisque.

233 3587 309 3646 Illud
323 3591 359 3649 ad
374 3594 437 3649 haec
447 3591 551 3667 jubeo:
572 3589 674 3647 mulier
687 3589 711 3646 si
725 3587 797 3647 sorti
811 3589 909 3647 dolosa
1145 3588 1185 3647 70

233 3666 400 3728 Libertusve
414 3689 512 3728 senem
527 3669 646 3727 delirum
659 3678 806 3743 temperet,
821 3667 876 3725 illis

233 3749 367 3808 Accedes
381 3750 491 3820 socius;
512 3749 620 3821 laudes,
635 3748 759 3805 lauderis
772 3758 804 3805 ut
817 3748 930 3805 absens.

232 3826 376 3903 Mesene,
391 3830 465 3905 quod
480 3828 584 3900 dicam,
600 3827 781 3885 factumest:
801 3827 886 3885 Anus
899 3826 1028 3907 improbo
1040 3822 1152 3883 Thebis

231 3906 277 3966 Ex
291 3918 466 3966 testamento
477 3906 520 3964 sic
532 3915 576 3963 est
586 3907 680 3965 elata:
699 3906 821 3963 cadaver

433 3991 471 4048 12
