2617 4442
152 360 209 419 136
453 412 455 417 ,
478 356 510 413 Q·
528 355 674 406 HORATll
691 356 816 405 FLACCl

228 500 360 559 Perditur
374 502 436 557 hac
450 499 523 559 inter
537 499 641 557 misero
654 499 713 571 lux,
727 518 785 557 non
799 498 963 559 sineretis:

191 579 219 637 0
233 600 291 653 rus,
305 582 419 655 quando
432 599 486 655 ego
500 590 528 637 ts
543 580 699 655 aspiciarnl
720 580 889 655 quandoque
903 581 1010 655 licebit,
1105 583 1146 642 60

189 659 279 716 Nunc
291 671 418 717 veterum
432 660 520 731 libris,
535 677 614 715 nunc
628 677 728 717 somno
742 670 772 715 et
785 658 923 717 inertibus
937 662 1024 735 boris,

189 738 304 796 Ducere
318 738 445 796 sollicita
457 738 585 814 jucunda
597 738 701 796 oblivia
715 738 800 795 vitael

189 818 218 875 Ο
231 819 345 893 quando
359 818 433 890 laba,
447 817 615 894 Pythagorae
629 828 760 893 cognata,
775 817 916 893 simulque

189 897 283 955 Uncta
297 893 366 955 satis
379 898 478 974 pingui
492 908 634 973 ponentur
647 897 777 954 oluscula
789 897 888 955 lardol

188 976 218 1033 0
231 988 331 1035 noctes
344 995 491 1053 coeuaeqne
504 977 600 1049 deirm,
614 977 718 1052 quibus
732 976 792 1053 ipse
805 976 918 1053 meique
1103 982 1147 1040 65

190 1057 268 1113 Ante
282 1056 386 1113 Larem
397 1056 542 1132 proprium
556 1073 665 1128 vescor,
678 1074 835 1131 vernasque
847 1074 984 1132 procaces

189 1134 281 1193 Pasco
294 1134 388 1193 libatis
401 1135 537 1211 dapibus!
578 1133 668 1193 Prout
680 1136 784 1211 cuique
800 1135 889 1193 libido
901 1146 955 1210 est,

190 1214 287 1272 Siccat
300 1213 453 1289 inequales
467 1214 572 1271 calices
586 1214 714 1287 conviva,
729 1215 838 1273 solutus

188 1293 315 1369 Legibus
329 1293 454 1351 insanis:
475 1311 526 1351 seu
536 1294 600 1368 quis
613 1293 690 1370 capit
703 1293 782 1352 acria
794 1294 875 1351 fortis

189 1371 305 1445 Pocula,
320 1391 370 1429 seu
384 1372 504 1431 modicis
517 1372 626 1430 uvescit
639 1371 740 1430 laetiirs.
782 1371 860 1447 Ergo
1103 1377 1145 1437 7⁰

190 1451 290 1509 Sermo
303 1451 402 1523 oritur,
416 1470 474 1525 non
488 1451 525 1508 de
538 1451 612 1509 villis
625 1451 792 1509 domibusve
806 1450 917 1525 alienis,

189 1529 254 1589 Nec
267 1526 343 1587 male
359 1549 452 1588 necne
466 1530 559 1606 Lepos
573 1531 672 1589 saltet:
693 1533 752 1604 sed,
766 1532 841 1606 quod
854 1528 946 1607 magis
960 1532 996 1590 ad
1009 1550 1062 1591 nos

188 1608 317 1667 Pertinet
329 1620 358 1667 et
372 1608 484 1668 nescire
496 1609 603 1667 malurn
616 1622 670 1682 est,
684 1612 840 1687 agitamus3
861 1621 995 1668 utrumne

188 1688 303 1746 Divitiis
316 1689 455 1761 homineS,
470 1709 507 1747 an
522 1689 580 1748 sint
593 1690 696 1747 virtute
708 1689 800 1758 beati3

187 1767 304 1829 Quidve
317 1768 353 1824 ad
367 1768 518 1840 amicitias,
532 1787 601 1825 usus
614 1780 772 1841 rectumne,
786 1768 879 1826 trahat
892 1788 962 1839 nos;
1101 1773 1143 1829 75

188 1845 236 1918 Et,
249 1865 312 1921 quae
327 1846 363 1903 sit
376 1858 477 1905 natura
491 1847 560 1903 boni
572 1867 580 1917 ;
602 1866 801 1923 summumque
815 1847 884 1924 quid
897 1848 968 1925 ejus.

188 1925 309 1982 Cervius
324 1925 385 1981 haec
400 1925 472 1983 inter
486 1925 597 1983 vicinus
611 1927 700 2001 garrit
712 1928 804 1985 aniles

188 2003 233 2061 Ex
246 2023 276 2062 re
290 2003 414 2061 fabellas.
455 2002 532 2063 Nam
547 2005 572 2061 si
584 2005 647 2079 quis
660 2005 759 2064 laudat
772 2004 864 2064 Arelli

189 2081 331 2141 Sollicitas
344 2083 460 2159 ignarus
472 2102 551 2160 opes,
565 2082 608 2141 sic
622 2085 740 2162 incipit:
761 2084 868 2142 “Olim

143 2216 147 2221 .
187 2162 327 2220 Rusticus
340 2163 480 2219 urbanum
495 2182 604 2220 murem
620 2184 684 2223 mus
696 2184 820 2241 paupere
835 2164 923 2222 fertur
1099 2167 1141 2225 80

188 2241 344 2319 Accepisse
358 2260 438 2314 cavo,
452 2254 576 2300 veterem
590 2254 671 2301 vetus
684 2243 786 2320 hospes
800 2244 941 2315 amicum;

187 2322 280 2397 Asper
294 2331 323 2380 et
336 2332 459 2379 attentus
472 2322 607 2398 quaesitis,
618 2334 650 2381 ut
663 2334 758 2382 tamen
772 2336 883 2382 arctum

188 2401 315 2479 Solveret
328 2400 456 2477 hospitiis
470 2402 605 2459 animum.
646 2403 729 2465 Quid
742 2404 850 2461 multat
871 2421 966 2479 neque
978 2400 1026 2461 ille

188 2479 310 2555 Sepositi
325 2482 436 2554 ciceris,
450 2501 505 2539 nec
519 2483 611 2558 longae
626 2482 727 2540 invidit
740 2501 853 2540 avenae:
1049 2496 1056 2501 ·

187 2560 310 2617 Aridum
324 2572 353 2617 et
365 2579 413 2617 ore
428 2560 522 2617 serens
536 2560 662 2633 acinum,
677 2580 842 2638 semesaque
854 2561 927 2619 lardi
1097 2563 1139 2621 85

187 2636 290 2695 Frusta
301 2639 388 2711 dedit,
404 2639 523 2713 cupiens
537 2640 614 2697 variat
630 2640 742 2698 fastidia
756 2642 840 2699 coend

187 2716 313 2775 Vincere
327 2718 470 2793 tangentis
484 2716 559 2776 malo
573 2720 687 2795 singula
701 2721 787 2779 dente
801 2722 938 2798 superbo:

185 2796 286 2856 Quum
300 2808 379 2871 pater
390 2798 451 2871 ipse
465 2798 567 2855 domus
579 2800 663 2875 paled
676 2811 823 2875 porrectus
836 2800 866 2858 in
881 2798 972 2859 bornat

187 2874 270 2931 Esset
284 2876 352 2933 ador
366 2876 529 2951 loliumque,
539 2879 622 2955 dapis
636 2879 754 2938 meliora
766 2880 938 2954 relinquens.

187 2953 320 3011 Tandem
329 2955 454 3011 urbanus
463 2957 498 3013 ad
509 2957 595 3029 hunc,
605 2962 612 2987 ‘
621 2959 844 3035 Quidtejuvat:
856 2958 956 3036 inquit,
968 2958 1086 3032 ‘amice,
1096 2959 1136 3016 90

185 3032 322 3111 Praerupti
338 3034 462 3101 nemoris
475 3035 631 3111 patientem
644 3037 738 3097 vivere
752 3040 858 3096 dorsol

185 3113 238 3170 Vis
251 3124 282 3170 tu
297 3114 426 3171 homines
439 3116 595 3191 urbemque
609 3116 676 3175 feris
688 3136 853 3193 praeponere
867 3115 964 3175 silvisl

185 3192 278 3269 Carpe
291 3195 375 3266 viam,
390 3194 460 3252 mihi
475 3196 571 3269 crede,
585 3215 692 3270 comes,
705 3197 849 3255 terrestria
862 3196 977 3272 quande

185 3270 321 3331 Mortales
334 3275 444 3332 animas
458 3274 555 3333 vivunt
568 3276 675 3350 sortita,
691 3295 784 3351 neque
798 3276 856 3333 ulla
870 3285 914 3333 est

184 3353 246 3408 Aut
259 3371 363 3428 magno
377 3366 426 3411 aut
439 3374 524 3429 parvo
534 3356 583 3413 leti
598 3357 684 3433 fuga:
704 3374 770 3431 quo,
785 3355 869 3425 bone,
883 3354 970 3426 circa,
1095 3354 1135 3411 95

184 3428 262 3491 Dum
276 3431 352 3502 licet,
367 3432 397 3488 in
408 3433 493 3489 rebus
504 3434 640 3508 jucundis
655 3435 717 3492 vive
732 3435 848 3504 beatus;

183 3508 255 3565 Vive
269 3528 377 3567 memor
391 3508 477 3586 quam
491 3512 530 3568 sis
544 3513 596 3569 aevi
610 3515 719 3571 brevis!
761 3513 836 3571 Haec
848 3512 899 3570 ubi
912 3510 990 3569 dicta

183 3588 335 3661 Agrestem
348 3587 495 3663 pepulere,
510 3590 593 3647 domo
606 3592 676 3650 levis
689 3594 802 3651 exsilit:
822 3594 890 3651 inde

183 3665 278 3723 Ambo
292 3666 464 3741 propositum
478 3680 619 3743 peragunt
632 3671 695 3743 iter,
709 3672 788 3729 urbis
801 3682 917 3729 aventes

184 3742 293 3802 Moenia
306 3745 438 3802 nocturni
453 3747 615 3822 subrepere.
656 3749 777 3826 Jamque
791 3751 907 3808 tenebat
1077 3748 1135 3805 10⁰

185 3821 253 3881 Nox
265 3824 392 3881 medium
405 3825 470 3885 coeli
485 3827 617 3900 spatium,
631 3847 719 3902 quum
732 3828 812 3903 ponit
824 3839 944 3904 uterque
979 3892 986 3904 ,

185 3901 220 3957 In
234 3901 373 3978 locuplete
387 3904 472 3960 domo
486 3904 620 3981 vestigia3
641 3906 726 3963 rubro
740 3907 788 3962 ubi
803 3925 892 3964 cocco
