2617 4442
149 384 207 443 106
477 376 508 433 Q.
526 375 673 425 nostru
690 372 815 422 nuncsi

187 523 253 581 Nec
264 522 367 593 timuit,
381 521 435 579 sibi
449 540 486 577 ne
500 519 567 577 vitio
580 518 643 595 quis
657 527 790 588 verteret,
803 514 871 573 olim
1104 516 1145 575 85

189 604 221 660 Si
235 622 328 680 praeco
341 620 450 677 parvas,
465 611 522 670 aut,
537 609 569 656 ut
581 599 633 655 fuit
646 598 717 674 ipse,
731 605 855 665 coactor,

188 682 340 739 Mercedes
352 698 483 755 sequerer
493 698 500 747 ;
515 696 610 753 neque
622 696 677 752 ego
688 694 780 733 essem
792 683 917 750 questus.
938 672 988 731 Ab
996 671 1054 732 hoc
1065 692 1145 731 nunc

188 761 265 820 Laus
279 760 320 817 illi
334 759 453 816 debetur
467 767 496 814 et
510 776 527 814 a
540 776 586 813 me
600 756 692 832 gratia
705 754 802 830 major.

188 839 239 898 Nil
253 858 299 896 me
312 840 448 914 poeuiteat
462 855 564 893 sanum
578 835 666 911 patris
679 833 783 909 hujus:
804 851 894 908 eoque

188 920 269 989 Non,
284 928 315 975 ut
328 936 434 993 magna
447 916 511 973 dolo
526 914 631 972 sactum
646 923 733 989 negat
745 930 808 969 esse
822 931 874 969 suo
887 930 952 987 pars
1104 911 1145 968 90

187 994 280 1060 Qudd
293 1016 351 1054 non
366 997 505 1071 ingenuos
520 993 623 1051 babeat
636 992 781 1067 clarosque
795 1001 938 1067 parentes,

190 1078 240 1133 Sic
254 1095 300 1133 me
315 1075 475 1133 defendam.
510 1070 610 1148 Longe
626 1091 692 1128 mea
705 1072 849 1145 discrepat
862 1069 924 1127 istis

189 1156 228 1213 Et
241 1174 294 1213 vox
307 1164 336 1213 et
349 1154 427 1211 ratic.
462 1151 539 1209 Nam
554 1152 578 1209 si
592 1161 694 1208 natura
704 1150 817 1226 juberet

190 1235 219 1291 A
233 1235 318 1291 certis
333 1233 416 1290 annis
432 1249 521 1287 aevum
536 1249 664 1288 remeare
679 1239 837 1305 peractum,

191 1315 286 1389 Atque
301 1314 369 1369 alios
383 1312 478 1386 legere
492 1310 529 1367 ad
544 1309 647 1366 fastum
661 1326 846 1383 quoscunque
859 1315 992 1383 parentes
1103 1307 1145 1363 95

190 1391 377 1468 Optaretsibi
391 1390 525 1465 quisque;
548 1389 619 1445 meis
633 1398 796 1459 contentus,
812 1387 946 1444 honestos

191 1471 331 1529 Fascibus
344 1483 373 1528 et
387 1470 462 1527 sellis
476 1468 564 1526 nolim
578 1467 647 1523 mibi
662 1486 773 1524 sumere
786 1486 792 1534 ;
815 1467 935 1522 demens

191 1550 209 1607 J
213 1551 308 1608 udicio
321 1550 413 1625 vulgi3
436 1567 522 1605 sanus
537 1548 653 1605 fortasse
667 1556 727 1617 tuo,
740 1542 818 1622 qudd

191 1629 307 1688 Nollem
321 1648 403 1701 onus,
418 1628 494 1686 haud
508 1646 632 1702 unquam
647 1626 754 1696 solitus,
768 1635 880 1701 portare
894 1624 1054 1684 molestum.

191 1708 270 1766 Nam
283 1709 354 1766 mibi
369 1705 505 1765 continub
519 1706 608 1782 major
621 1705 774 1781 quaersnda
788 1704 860 1762 foret
872 1722 928 1778 res,
1089 1701 1145 1761 100

192 1788 288 1862 Atque
302 1787 443 1844 salutandi
456 1786 552 1861 plures
560 1806 567 1855 ;
589 1785 740 1842 ducendus
753 1793 782 1840 et
796 1803 870 1841 unus

192 1866 231 1924 Et
244 1884 341 1924 comes
355 1866 434 1938 alter,
450 1861 491 1921 uti
506 1883 543 1921 ne
557 1863 633 1921 solus
647 1882 729 1920 rusve
740 1860 896 1939 peregreve

192 1945 326 2014 Exirem3
347 1944 442 2020 plures
456 1942 571 1999 calones
584 1953 668 2017 atque
680 1942 783 2000 caballi

193 2023 352 2092 Pascendi;
374 2022 507 2079 ducenda
521 2022 663 2097 petorrita.
697 2020 726 2077 N
730 2040 788 2077 unc
801 2020 872 2079 mibi
886 2031 967 2080 curto

193 2102 240 2160 Ire
254 2102 322 2159 licet
336 2101 423 2174 mulo,
438 2100 491 2173 vel,
503 2102 527 2157 si
540 2100 619 2173 libet,
634 2119 724 2175 usque
738 2098 909 2173 Tarentum,
1090 2099 1147 2158 105

193 2181 323 2239 Mentica
336 2181 384 2238 cui
398 2181 510 2238 lumbos
519 2199 606 2238 onere
621 2180 740 2251 ulceret,
755 2190 838 2255 atque
852 2198 939 2255 eques
952 2198 1053 2237 armos.

194 2260 323 2337 Objiciet
336 2279 422 2319 nemo
436 2260 533 2318 sordes
543 2259 623 2331 mihi,
637 2278 707 2335 quas
723 2259 783 2332 tibi,
798 2258 888 2331 Tulli,

193 2341 295 2403 Quum
309 2339 432 2399 Tiburte
446 2340 492 2398 vis
505 2350 653 2416 praetotem
668 2338 791 2414 quinque
805 2348 962 2413 sequuntur

195 2418 241 2477 Te
254 2420 346 2497 pueri,
359 2420 489 2478 lasanum
502 2430 646 2496 portantes
660 2418 909 2494 oenophorumque.

195 2498 262 2558 Hoc
275 2518 330 2575 ego
344 2495 532 2571 commodibs,
546 2496 632 2574 qudm
646 2508 688 2569 tu,
701 2497 837 2574 praeclare
850 2507 974 2569 senator,
1091 2496 1147 2553 110

195 2577 324 2635 Millibus
338 2589 422 2653 atque
436 2578 498 2635 aliis
513 2577 589 2634 vivo:
609 2578 781 2652 quacunque
794 2576 882 2633 libido
896 2587 949 2649 est,

195 2655 306 2714 Incedo
319 2656 411 2726 solus;
433 2666 582 2731 percontor
596 2656 695 2730 quanti
709 2656 771 2713 olus
784 2674 819 2712 ac
833 2655 889 2725 sar3

196 2735 342 2793 Fallacem
356 2735 466 2792 circum
480 2734 727 2812 vespertinumque
741 2753 855 2811 pererro

198 2812 282 2890 Seps
297 2813 408 2883 sorum;
430 2814 530 2871 assisto
543 2814 663 2883 divinis;
684 2811 753 2870 inde
768 2814 883 2871 domum
897 2832 945 2871 me

197 2893 246 2950 Ad
259 2892 335 2969 porri
348 2903 377 2949 et
391 2892 492 2949 ciceris
506 2892 597 2950 resero
610 2892 763 2968 laganique
777 2893 921 2949 catinum:
1092 2891 1147 2948 115

197 2972 289 3029 Coena
303 2971 478 3033 ministratur
491 2972 586 3047 pueris
600 2972 707 3041 tribus;
728 2983 758 3029 et
770 2972 843 3047 lapis
856 2971 937 3028 albus

196 3050 305 3108 Pocula
319 3070 384 3107 cum
399 3051 501 3125 cyatho
515 3051 572 3108 duo
582 3051 721 3120 sustinet;
743 3052 835 3108 adstat
847 3050 951 3108 echino

197 3130 272 3188 Vilis
285 3149 351 3187 cum
364 3130 463 3206 paterii
476 3140 584 3206 guttus,
599 3130 748 3205 Campana
761 3129 896 3205 supellex.

199 3208 312 3269 Deinde
326 3228 361 3267 eo
374 3209 536 3282 dormitum,
551 3229 609 3267 non
623 3209 759 3267 sollicitus
772 3210 843 3267 mihi
857 3205 934 3285 qubd
947 3227 1011 3265 cras

199 3290 380 3365 Surgendum
396 3289 432 3346 sit
446 3286 541 3361 mane,
557 3290 708 3347 obeundus
722 3286 846 3362 Marsya,
858 3288 906 3363 qui
920 3307 951 3345 se
1094 3287 1148 3344 120

198 3368 318 3425 Vultum
332 3368 405 3424 ferre
418 3379 505 3443 negat
519 3368 676 3425 Noviorum
690 3386 772 3443 posse
785 3367 911 3425 minoris.

197 3446 247 3504 Ad
260 3457 388 3521 quartam
400 3446 483 3521 jaceo
491 3466 498 3515 ;
520 3448 672 3521 posthanc
686 3466 787 3522 vagor3
809 3456 858 3503 aut
871 3464 934 3521 ego,
948 3445 1034 3503 lecto*

197 3526 259 3583 Aut
272 3524 378 3599 scripto
392 3525 467 3598 quod
481 3543 527 3579 me
541 3524 659 3580 tacitum
671 3524 759 3599 juvet,
773 3543 865 3601 ungor
878 3525 962 3597 olivo,

198 3602 268 3661 Non
281 3621 338 3677 quo
353 3602 488 3659 fraudatis
500 3602 665 3659 immundus
677 3603 766 3661 Natta
779 3604 912 3662 lucernis.

198 3684 264 3754 Ast,
279 3682 328 3738 ubi
342 3700 388 3738 me
403 3680 508 3737 fessum
523 3680 563 3737 sol
578 3682 670 3739 acrior
685 3683 725 3738 ire
739 3683 863 3740 lavatum
1097 3683 1152 3741 125

198 3760 369 3831 Admonuit,
384 3759 461 3835 fugio
477 3760 580 3817 rabiosi
595 3771 722 3836 tempora
736 3763 819 3837 signi.

199 3840 326 3898 Pransus
341 3859 398 3897 non
414 3837 507 3912 avide,
521 3851 660 3915 quantum
675 3840 835 3916 interpellet
848 3842 928 3899 inani

199 3919 308 3977 Ventre
323 3918 399 3975 diem
413 3920 526 3993 durare,
541 3920 713 3977 domesticus
726 3920 806 3977 otior.
842 3920 917 3978 Haec
930 3930 974 3979 est
