2617 4442
465 364 678 415 SATIRARUM'
689 365 755 415 LIB.
772 367 808 417 11.
825 370 850 418 8.

199 505 332 583 Sublegit
345 506 534 583 quodcunque
545 507 653 585 jaceret
666 509 777 584 inutile,
790 511 922 588 quodque

198 586 299 643 Posset
312 598 459 645 coenantes
472 588 631 657 oll'endere;
653 599 686 646 ut
699 590 798 647 Attica
811 590 889 667 virgo

199 666 276 722 Cum
289 666 378 723 sacris
391 666 514 739 Cereris,
528 668 658 743 procedit
671 668 767 726 fuscus
781 670 942 746 Hydaspes,

199 744 326 801 Caecuba
339 745 406 802 vina
419 746 529 815 ferens;
551 747 657 820 Aleon,
671 746 778 805 Chium
791 750 878 807 maris
890 768 1002 826 expers.
1112 744 1150 810 lb

199 822 260 880 Hic
274 824 378 881 herus:
400 828 418 855 “
434 826 591 899 Albanum,
605 825 762 900 Maecenas,
776 828 835 885 sive
848 828 1004 887 Falernum

199 900 247 959 Te
260 899 352 979 magis
365 902 499 981 appositis
513 904 647 979 delectat,
662 906 801 966 babemus
814 908 991 983 utrumque.'’
1027 942 1038 961 .

584 1056 729 1090 unumne.

198 1139 320 1197 Divitias
334 1140 467 1199 miseras!
490 1141 548 1199 Sed
562 1142 642 1218 queis
656 1143 835 1201 coenantibus
848 1144 916 1218 und,

199 1218 343 1292 Fundani,
357 1217 476 1296 pulcbrd
491 1221 576 1279 fuerit
587 1222 649 1295 tibi,
664 1220 749 1280 ndsse
762 1222 867 1281 laboro.

573 1372 734 1407 FUNDAHIUB.

200 1459 336 1517 Summus
350 1477 420 1537 ego;
441 1468 470 1517 et
483 1478 571 1535 prope
584 1479 631 1517 me
644 1460 750 1517 Viscus
763 1460 929 1534 Thurinum
949 1472 980 1522 et
992 1461 1077 1539 iota,
1108 1464 1149 1524 20

200 1538 232 1595 Si
246 1538 372 1611 memini,
387 1538 507 1595 Varius:
528 1557 595 1595 curn
610 1540 729 1597 Servilio
742 1537 895 1599 Balatrone

198 1617 340 1690 Vibidius,
355 1636 424 1693 quos
438 1616 585 1675 Maecenas
599 1618 756 1676 adduxerat
768 1620 892 1678 umbras.

198 1696 398 1753 Nomentanus
412 1707 473 1754 erat
486 1716 570 1773 super
583 1697 686 1773 ipsum,
700 1696 820 1755 Porcius
834 1698 918 1774 infrd,

198 1775 352 1832 Ridiculus
366 1786 438 1833 totas
452 1776 535 1833 simul
549 1776 703 1835 obsorbere
715 1777 870 1853 placentas.

198 1854 398 1912 Nomentanus
412 1856 448 1912 ad
459 1856 522 1928 boc,
537 1854 596 1931 qui,
611 1856 633 1913 si
648 1856 717 1932 quid
731 1855 803 1915 fortd
818 1858 927 1932 lateret,
1107 1860 1149 1919 25

197 1932 299 1991 Indice
313 1945 481 1992 monstraret
495 1935 600 2011 digito:
621 1954 689 1994 nam
702 1947 806 1995 catera
819 1938 911 2012 turba,

197 2013 269 2085 Nos,
284 2012 409 2085 inquam,
424 2032 570 2073 coenamus
584 2034 660 2089 aves,
672 2017 833 2092 conchylia,
844 2018 948 2093 pisces,

197 2090 298 2168 Longd
313 2092 478 2149 dissimilem
493 2104 560 2151 noto
573 2093 696 2153 celantia
709 2114 845 2165 succum3

197 2171 237 2228 Ut
249 2171 291 2229 vel
305 2168 444 2230 continud
458 2174 557 2249 patuit,
571 2192 659 2249 quum
672 2174 794 2249 passeris
808 2185 891 2250 atque

198 2249 346 2327 Ingustata
358 2251 429 2308 mihi
443 2264 605 2327 porrexerat
618 2252 667 2309 ilia
679 2253 800 2311 rhombi.
1106 2256 1148 2314 30

197 2328 265 2388 Post
278 2331 332 2387 hoo
343 2349 389 2387 me
404 2331 502 2388 docuit
513 2331 655 2389 melimela
668 2331 769 2389 rubere
783 2331 923 2389 minorem

197 2409 246 2466 Ad
259 2409 356 2467 lunam
370 2409 489 2468 delecta.
530 2410 612 2471 Quid
627 2410 682 2467 boc
696 2410 817 2483 intersit,
832 2409 941 2486 abipso

197 2488 332 2547 Audieris
345 2487 456 2547 melitis.
498 2488 577 2545 Turn
592 2488 725 2546 Vibidius
738 2488 901 2547 Balatroni:

197 2572 214 2598 “
225 2568 297 2640 Nos,
311 2568 367 2626 nisi
380 2566 517 2626 damnosi
533 2568 666 2639 bibimus,
680 2569 835 2626 moriemur
848 2568 962 2627 inulti.’‘
1043 2634 1052 2641 ⁵

198 2646 235 2705 Et
248 2647 354 2704 calices
367 2648 459 2723 poscit
473 2647 601 2724 majores.
641 2648 762 2705 Vertere
775 2648 865 2723 pallor
1107 2650 1147 2710 35

197 2725 275 2784 Turn
289 2728 408 2803 parochi
423 2727 534 2799 faciem,
549 2728 588 2784 nil
603 2726 646 2783 sic
659 2727 815 2784 metuentis
828 2738 860 2785 ut
874 2746 956 2786 acres

196 2804 329 2875 Potores3
350 2806 392 2863 vel
407 2804 483 2881 qudd
497 2806 672 2864 maledicunt
685 2805 858 2876 liberiirs,vel

196 2884 319 2942 Fervida
331 2882 408 2961 quod
422 2886 525 2942 subtile
538 2887 692 2945 exsurdant
705 2887 770 2944 rina
783 2886 919 2963 palatum.

197 2962 348 3021 Invertunt
362 2964 523 3040 Alliphanis
534 2964 642 3023 vinaria
655 2976 715 3023 tota

196 3043 329 3101 Vibidius
342 3044 520 3119 Balatroque,
534 3044 660 3121 sequutis
672 3045 824 3103 omnibus:
845 3044 896 3102 imi
1106 3047 1147 3107 tu

196 3122 329 3183 Conrirae
342 3122 409 3179 lecti
423 3120 545 3180 nihildrn
560 3122 686 3181 nooudre
698 3124 816 3199 lagenis,

196 3202 323 3259 Affertur
337 3201 451 3277 squillas
465 3201 539 3259 inter
553 3221 680 3258 murana
692 3214 824 3260 natantes

196 3279 231 3337 In
245 3281 342 3355 patina
352 3292 489 3357 porrecta.
526 3281 587 3339 Sub
598 3282 653 3339 hoc
665 3281 760 3353 herus,
774 3285 792 3311 “
803 3281 877 3338 Haec
887 3281 1032 3357 gravida,''
1045 3283 1145 3360 inquit.

196 3364 214 3389 “
230 3360 322 3435 Capta
334 3372 386 3433 est,
401 3361 522 3418 deterior
535 3370 599 3436 post
611 3371 724 3435 partum
737 3378 824 3417 carne
838 3360 940 3419 sutura.

195 3438 251 3495 His
261 3440 381 3495 mixtum
392 3439 439 3515 jus
452 3450 496 3497 est
508 3439 571 3497 oleo
584 3439 661 3515 quod
674 3439 765 3515 prima
778 3438 897 3497 Venafri
1105 3443 1146 3503 45

194 3516 301 3575 Pressit
315 3519 389 3575 cella
397 3538 404 3587 ;
425 3537 494 3594 garo
504 3519 540 3576 de
554 3519 649 3575 succis
663 3518 750 3594 piscis
763 3518 856 3590 Iberi;

194 3596 271 3654 Vino
285 3597 471 3673 quinquenni,
486 3595 583 3654 verbm
598 3598 671 3655 citra
684 3616 762 3655 mare
775 3610 852 3672 nato,

193 3674 272 3732 Dum
286 3676 427 3752 coquitur,
439 3686 521 3733 cocto
534 3676 639 3733 Chium
653 3677 696 3733 sic
709 3678 843 3735 convenit
856 3689 960 3737 utnon

193 3754 262 3811 Hoc
276 3753 368 3831 magis
382 3755 471 3812 ullum
485 3754 578 3823 aliud;
598 3756 697 3831 pipere
711 3758 784 3829 albo,
798 3776 858 3814 non
872 3758 933 3816 sinc
947 3769 1030 3818 aceto

192 3834 283 3896 Quod
297 3834 522 3911 Methymnaeanr
536 3834 602 3892 vitio
612 3836 764 3893 mutaverit
777 3855 867 3893 uvam.
1105 3838 1145 3896 50
