2617 4442
145 426 202 486 172
466 423 497 481 Q.
515 422 662 473 HORATII
679 422 802 472 FLACCI

182 567 370 645 Pulchraque,
384 576 413 625 et
422 566 530 625 exactis
543 563 693 624 minimbm
707 564 850 637 distantia,
864 564 957 624 aanor.

182 646 261 706 Inter
275 666 338 724 que
351 646 467 705 verbum
481 645 599 703 emicuit
612 646 635 703 si
650 642 721 703 forte
735 644 881 721 decorum,
894 655 924 703 et

171 727 215 784 'Si
229 745 325 784 versus
338 722 424 802 paulb
438 724 606 782 concinnior
620 743 695 781 unns
704 734 733 781 et
747 723 826 795 alter,

182 802 292 881 Injustb
307 815 395 863 totum
411 804 492 861 ducit
504 804 655 879 venditque
669 806 781 879 meme
1091 802 1133 859 75

181 882 321 960 indignor
333 882 486 959 quidquam
500 881 679 958 reprehendi,
693 900 750 938 non
764 880 832 955 quia
844 875 939 937 crasse

181 962 377 1039 Compositum
390 959 539 1038 illepideve
552 969 676 1037 putetur,
689 960 740 1016 sed
753 959 819 1035 quia
831 977 938 1035 nuper;

181 1040 247 1099 Nec
261 1042 373 1099 veniam
387 1041 518 1115 antiquis,
533 1039 582 1097 sed
597 1040 733 1097 bonorem
747 1048 777 1095 et
789 1038 905 1113 praemia
917 1038 1005 1114 posci,

182 1116 278 1177 Recte
292 1138 385 1177 necne
398 1138 514 1176 crocum
529 1118 667 1193 floresque
680 1116 857 1193 perambulet
869 1118 946 1174 Attae

183 1198 294 1257 Fabula
306 1198 331 1255 si
345 1197 481 1269 dubitem,
495 1196 620 1254 clament
633 1197 750 1272 periisse
763 1196 900 1271 pudorem
1090 1194 1132 1252 80

182 1276 290 1337 Cuncti
302 1273 378 1352 pene
393 1286 495 1351 patres,
508 1295 544 1333 ea
556 1294 644 1350 quum
657 1274 865 1350 reprehendere
878 1292 965 1331 coner

181 1357 259 1418 Quae
272 1355 365 1433 gravis
380 1354 514 1431 AEsopus‚
527 1374 590 1429 quaa
603 1355 705 1411 doctus
719 1352 845 1410 Roscius
859 1353 933 1428 egit:

182 1434 238 1493 Vel
251 1434 318 1511 quia
330 1434 370 1492 nil
385 1444 504 1506 rectum,
518 1434 575 1491 nisi
588 1434 662 1509 quod
675 1432 783 1508 placuit
796 1431 859 1503 sibi,
872 1432 983 1488 ducunt
990 1450 998 1500 ;

182 1513 238 1573 Vel
251 1513 319 1589 quia
331 1523 413 1589 turpe
426 1522 527 1590 putant
538 1531 636 1589 parere
650 1510 817 1582 minoribus,
830 1520 870 1583 et,
882 1528 947 1585 qua

182 1590 309 1651 Imberbi
320 1589 457 1666 didicere,
471 1610 555 1651 senes
567 1590 713 1667 perdenda
726 1588 815 1647 lateri.
1091 1587 1133 1645 85

183 1670 202 1728 J
204 1691 250 1729 am
264 1671 373 1729 Saliare
386 1670 416 1729 N
418 1690 491 1728 urnae
504 1690 620 1727 carmen
633 1669 683 1745 qui
695 1669 801 1741 laudat,
814 1677 845 1725 et
857 1667 927 1725 illud

182 1750 272 1811 Quod
285 1768 400 1807 mecum
413 1750 524 1826 ignorat
537 1750 614 1807 solus
627 1749 687 1806 vult
700 1748 773 1805 scire
786 1747 886 1820 videri,

184 1826 313 1905 Ingeniis
326 1846 384 1885 non
398 1828 445 1885 ille
459 1828 533 1885 t'avet
545 1828 711 1903 plauditque
723 1826 851 1902 sepultis,

184 1905 290 1964 Nostra
303 1906 354 1963 sed
367 1906 525 1982 impugnat,
539 1923 592 1965 nos
605 1918 757 1981 nostraque
770 1904 872 1962 lividus
885 1905 953 1964 odit.

182 1982 274 2047 Quod
287 1984 311 2041 si
325 1994 383 2042 tam
396 1984 490 2042 Graiis
504 1985 613 2043 novitas
626 1984 718 2042 invisa
731 1984 832 2041 suisset
1091 1982 1133 2039 90

183 2060 283 2125 Quam
296 2062 387 2135 nobis,
401 2063 468 2139 quid
482 2082 561 2121 nunc
574 2074 650 2122 esset
664 2064 764 2121 vetusl
784 2073 834 2120 aut
846 2062 914 2137 quid
928 2062 1044 2119 haberet

183 2143 273 2204 Quod
286 2142 392 2219 legeret
404 2153 563 2218 tereretque
575 2142 680 2201 viritim
693 2141 826 2218 publicus
838 2142 928 2198 ususl

223 2222 263 2280 Ut
275 2218 399 2299 primbm
411 2222 509 2299 positis
522 2222 624 2299 nugari
637 2222 751 2279 Graecia
765 2220 848 2277 bellis

185 2300 290 2378 cepit,
303 2311 333 2359 et
346 2300 376 2359 in
390 2301 489 2359 vitium
504 2301 616 2360 sonunt
629 2301 718 2358 labier
732 2299 823 2376 aqud,

185 2379 273 2439 Nunc
287 2380 456 2440 athletarum
469 2379 580 2453 studiis,
594 2399 672 2438 nunc
686 2380 754 2437 arsit
766 2396 921 2454 equorum3
1091 2376 1133 2434 95

185 2458 337 2519 Marmoris
351 2470 399 2517 aut
412 2460 505 2519 eboris
518 2460 611 2518 fabros
625 2470 674 2517 aut
688 2458 751 2516 teris
764 2457 883 2528 amavit;

186 2540 341 2615 Suspendit
354 2538 432 2614 picta
446 2540 553 2597 vultum
567 2550 748 2613 mentemque
761 2536 881 2607 tabell1‘23

185 2616 275 2675 Nunc
288 2617 463 2689 tibicinibus,
477 2635 556 2674 nunc
570 2627 613 2674 est
626 2617 723 2693 gavisa
735 2615 886 2692 tragoedis:

186 2696 248 2753 Sub
260 2696 372 2755 nutrice
385 2694 480 2771 puella
492 2695 569 2753 velut
581 2696 605 2753 si
619 2696 731 2753 luderet
744 2695 847 2767 infans,

184 2774 273 2835 Quod
287 2771 391 2848 cupide
403 2774 494 2849 petiit,
508 2772 618 2833 mature
633 2775 719 2851 plena
732 2773 853 2848 reliquit.
1078 2772 1134 2829 100

184 2852 266 2914 Quid
279 2852 373 2928 placet
386 2861 435 2909 aut
447 2854 514 2911 odio
527 2864 579 2925 est,
592 2855 668 2928 quod
682 2872 741 2911 non
754 2851 890 2909 mutabile
903 2852 1027 2910 credasl

185 2930 252 2989 Hoc
264 2949 350 3007 paces
363 2929 489 2990 habuere
503 2933 584 2989 bonae
598 2933 730 3007 ventique
744 2931 872 2989 secundi.

225 3009 327 3067 Romae
341 3008 425 3068 dulce
439 3010 488 3067 diu
502 3010 556 3068 firit
568 3022 597 3069 et
611 3011 738 3069 solemne
750 3010 864 3068 reclusb

186 3085 275 3147 Mane
290 3088 374 3148 domo
386 3088 512 3165 vigilare,
526 3089 624 3147 clienti
637 3108 768 3165 promere
779 3089 854 3165 jura,

186 3168 293 3227 Cautus
306 3168 469 3226 nominibus
482 3169 568 3227 rectis
577 3169 738 3245 expendere
753 3186 895 3241 nummos,
1078 3168 1134 3225 105

186 3246 311 3325 Majores
324 3248 432 3321 audire,
448 3248 550 3308 minori
564 3249 660 3306 dicere
673 3267 724 3323 per
737 3265 799 3322 quas

186 3326 324 3385 Crescere
337 3346 382 3384 res
395 3338 498 3403 posset,
513 3328 604 3385 minui
617 3328 754 3384 damnosa
766 3325 863 3383 libido,

187 3404 308 3463 Mutavit
321 3415 447 3461 mentem
461 3408 581 3482 populus
594 3406 673 3477 levis,
687 3415 717 3462 et
729 3404 804 3461 calet
818 3423 877 3462 uno

186 3482 338 3541 Scribendi
352 3482 461 3540 studio:
482 3484 617 3559 puerique
630 3494 782 3560 patresque
795 3481 885 3540 severi

186 3560 300 3619 Fronde
314 3579 410 3617 comas
424 3560 511 3619 vincti
524 3573 640 3619 coenant
653 3572 683 3619 et
695 3562 824 3619 carmina
836 3563 954 3619 dictant
1080 3560 1136 3619 tto
1182 3558 1185 3562 ’

186 3637 252 3714 Ipse
266 3657 329 3714 ego,
343 3638 392 3712 qui
405 3638 497 3697 nullos
510 3658 556 3697 me
571 3640 679 3698 affirmo
693 3642 817 3699 scribere
831 3658 939 3712 versus,

185 3715 320 3775 Iuvenior
334 3716 446 3774 Parthis
459 3718 640 3788 mendacior;
661 3729 700 3791 et,
713 3718 793 3796 prius
805 3731 867 3777 orto

187 3796 264 3867 Sole,
278 3796 344 3871 vigil
358 3796 500 3853 calamum
514 3807 543 3854 et
556 3798 669 3854 chartas
682 3808 711 3855 et
724 3799 831 3855 scrinia
844 3816 941 3873 posco.

186 3872 297 3931 Navem
312 3892 397 3949 agere
411 3874 527 3950 ignarus
541 3876 620 3932 navis
634 3876 715 3933 timet
723 3897 731 3947 3
753 3877 922 3933 abrotonum
937 3892 1013 3950 egro
1092 3918 1097 3927 .

186 3950 256 4009 Non
270 3953 365 4025 audet,
379 3952 433 4011 nisi
446 3954 495 4030 qui
509 3954 617 4027 didicit,
633 3954 701 4013 dare
709 3974 717 4025 ;
737 3956 814 4029 quod
827 3955 1005 4013 medicorum
1018 3962 1063 4012 est
