2617 4442
478 389 727 441 EPISTOLARUM
744 391 811 440 ΜΒ.
828 392 850 441 1.
866 394 891 442 θ.

489 580 495 589 ’
539 612 744 673 urrsroua
764 613 819 674 vr.

564 752 605 791 Ab
626 752 792 794 notuerunt.

227 854 289 913 Nn.
303 851 436 911 admirari
450 848 539 928 prope
554 870 600 909 res
614 863 658 911 est
671 870 740 925 una,
753 852 884 926 Numici,

230 934 362 1009 Solaque,
376 949 440 1007 quar
453 931 543 1007 possit
557 931 653 989 facere
666 944 696 990 et
709 950 823 991 servare
838 934 963 992 beatum.

230 1013 320 1070 Hunc
330 1012 417 1069 solem
431 1022 460 1068 et
472 1010 567 1086 stellas
580 1021 610 1068 et
623 1012 794 1069 decedentia
807 1014 894 1071 certis

229 1092 375 1167 Tempora
388 1090 540 1148 momentis
554 1101 622 1148 sunt
634 1090 683 1166 qui
697 1092 850 1149 formidine
863 1091 943 1149 nulla

231 1170 339 1228 Imbuti
354 1180 500 1245 spectent:
520 1169 588 1245 quid
600 1188 702 1228 censes
715 1189 835 1228 munera
848 1173 952 1229 terrael
1154 1175 1175 1233 5

229 1250 310 1312 Quid
324 1248 410 1306 maris
424 1260 563 1307 extremos
576 1249 688 1306 Arabas
702 1250 819 1308 ditantis
832 1261 862 1308 et
875 1250 985 1309 Indosl
1062 1253 1074 1265 “

229 1329 356 1386 Ludicra
367 1327 446 1403 quid,
460 1326 586 1403 plausus,
601 1338 630 1385 et
643 1329 730 1385 amici
744 1330 820 1387 dona
832 1330 976 1392 Quiritisl

229 1408 298 1470 Quo
313 1407 470 1484 spectanda
483 1407 577 1478 modo,
591 1426 647 1482 quo
661 1426 747 1465 seusu
761 1409 857 1466 credis
869 1421 899 1467 ct
912 1411 982 1469 orel

229 1487 291 1548 Qui
305 1488 387 1545 timet
401 1486 445 1543 his
459 1486 587 1558 adversa,
601 1483 662 1543 fere
676 1486 794 1546 miratur
807 1488 918 1561 eodem,

229 1567 299 1628 Quo
312 1566 440 1642 cupiens,
454 1575 555 1641 pacto:
576 1584 661 1641 pavor
674 1577 719 1622 est
731 1567 881 1642 utrobique
892 1568 1043 1627 molestus:
1138 1572 1175 1628 10

230 1645 388 1722 Improvisa
401 1644 485 1701 simul
500 1644 611 1721 species
624 1654 749 1702 exterret
759 1656 917 1721 utrumque.

229 1726 370 1797 Gaudeat,
385 1744 422 1781 an
436 1724 544 1794 doleat;
567 1724 673 1800 cupiat,
687 1734 851 1795 metuatne;
872 1726 940 1801 quid
954 1727 1074 1801 adrem,
1169 1771 1172 1777 ,

230 1806 273 1878 si,
286 1804 423 1881 quidquid
437 1803 505 1861 vidit
519 1802 622 1861 melius
631 1803 747 1880 pejusve
760 1805 813 1861 sud
827 1824 887 1880 spe,

230 1884 339 1941 Defixis
351 1883 442 1942 oculis
455 1882 606 1959 animoque
620 1893 648 1941 et
663 1902 780 1959 corpore
793 1885 905 1959 torpetl

230 1962 330 2021 Insani
343 1963 457 2039 sapiens
470 1982 575 2020 nomen
590 1962 671 2035 serat,
686 1981 783 2039 aequus
797 1963 897 2039 iniqui,
1139 1968 1176 2025 15

229 2041 311 2101 Ultrd
323 2041 410 2118 qudm
423 2039 491 2099 satis
505 2052 549 2099 est
563 2042 694 2099 virtutem
709 2042 733 2098 si
747 2052 824 2117 petat
838 2044 937 2119 ipsam.

269 2122 285 2179 l
300 2140 387 2195 nunc,
402 2132 561 2197 argentum,
576 2132 605 2178 et
618 2140 741 2179 marmor
755 2133 846 2195 vetus,
860 2141 982 2199 aeraque,
996 2134 1026 2181 et
1038 2135 1116 2183 artes

230 2202 367 2278 Suspice;
389 2220 456 2257 cum
469 2200 590 2275 gemmis
603 2200 710 2275 Tyrios
723 2200 826 2258 mirare
839 2202 968 2259 colores:
1167 2211 1170 2217 '

229 2281 331 2339 Gaude
343 2277 419 2355 qudd
434 2290 564 2356 spectant
576 2278 652 2336 oculi
666 2290 694 2335 te
708 2279 786 2336 mille
798 2280 978 2354 loquentem:

229 2360 345 2417 Gnarus
358 2356 443 2418 mand
459 2359 551 2416 forum
566 2368 595 2415 et
608 2358 784 2433 vespertinus
797 2369 863 2434 pete
876 2371 984 2416 tectum
995 2379 1003 2430 ;
1136 2364 1175 2420 20

228 2438 277 2497 Ne
290 2438 354 2515 plus
368 2438 502 2497 frumenti
516 2436 658 2494 dotalibus
670 2447 776 2495 emetat
788 2436 864 2513 agris

230 2517 329 2576 Mutus
340 2538 347 2589 ;
368 2528 407 2591 et,
418 2516 580 2593 indignum,
594 2513 672 2592 qudd
685 2516 723 2574 sit
734 2516 877 2594 pejoribus
890 2528 979 2591 ortus,

231 2597 290 2655 Hic
302 2596 355 2655 tibi
369 2596 406 2655 sit
418 2594 513 2672 potius
526 2594 612 2672 qudm
627 2607 659 2654 tu
672 2596 809 2654 mirabilis
823 2597 872 2654 illi.

228 2676 380 2752 Quidquid
394 2676 447 2733 sub
461 2676 537 2733 terri
550 2686 602 2749 est,
617 2675 647 2733 in
662 2676 790 2752 apricum
803 2676 926 2753 proferet
939 2687 1026 2747 oetas3

229 2755 364 2815 Defodiet
373 2756 532 2831 condetque
546 2756 676 2813 nitentia.
715 2755 817 2817 Quum
831 2756 904 2813 bene
918 2767 1017 2814 notum

229 2835 361 2894 Porticus
373 2834 507 2912 Agrippae
521 2846 550 2893 et
563 2835 609 2893 via
621 2848 650 2893 te
663 2836 843 2911 conspexerit
856 2835 944 2911 Appi,

229 2914 277 2973 Ire
291 2926 386 2972 tamen
400 2926 488 2972 restat
501 2913 600 2973 Numa
613 2911 670 2991 qud
685 2914 799 2972 devenit
813 2926 843 2973 et
853 2915 963 2973 Ancus.

231 2994 263 3051 Si
277 2994 350 3051 latus
364 3006 413 3052 aut
425 3012 509 3051 renes
522 2995 620 3053 morbo
631 3005 777 3052 tentantur
791 3005 885 3065 acuto,

228 3074 338 3135 Quaere
352 3073 448 3149 fugam
462 3074 560 3145 morbi.
601 3074 654 3131 Vis
667 3070 746 3131 recte
761 3072 873 3129 viveret
893 3072 957 3147 quis
969 3074 1046 3131 nonl

230 3154 263 3211 Si
278 3153 367 3211 virtus
381 3154 436 3211 hoc
446 3172 505 3211 una
516 3162 610 3230 potest
623 3153 702 3224 dare,
716 3150 795 3208 fortis
805 3151 918 3208 omissis

231 3233 297 3291 Hoc
311 3251 364 3308 age
378 3232 497 3291 deliciis.
537 3231 681 3289 Virtutem
693 3229 779 3285 verba
791 3239 883 3305 putes,
898 3239 930 3285 ut

231 3311 342 3369 Lucum
356 3310 456 3389 lignal
477 3329 546 3369 cave
561 3328 598 3367 ne
611 3319 710 3384 portus
720 3317 843 3383 occupet
856 3306 938 3380 alter,

230 3390 278 3449 Ne
292 3392 466 3469 Cibyratica,
481 3408 518 3447 ne
532 3388 657 3463 Bithyna
669 3386 785 3463 negotia
796 3387 907 3463 perdas.

231 3469 312 3529 Mille
325 3472 433 3530 talenta
446 3469 645 3540 retundantur,
659 3466 778 3525 totidem
792 3466 880 3525 altera
888 3486 896 3536 ;
917 3464 1001 3543 porrd
1015 3479 1045 3527 et

229 3550 331 3608 Tertia
341 3550 508 3621 succedant,
522 3557 551 3605 et
564 3565 626 3623 quae
639 3566 704 3623 pars
717 3547 836 3620 quadret
849 3566 991 3605 acervum.

231 3628 351 3689 Scilicet
364 3646 481 3688 uxorem
494 3644 561 3684 cum
576 3627 650 3699 dote,
665 3625 817 3701 fidemque,
831 3638 861 3684 et
874 3626 992 3700 amicos,

229 3708 269 3767 Et
283 3728 384 3786 genus,
399 3719 428 3767 et
441 3708 569 3778 formam,
583 3706 683 3783 regina
695 3706 819 3781 pecunia
832 3706 934 3764 donat:

230 3790 277 3847 Ac
292 3791 366 3847 bene
379 3798 557 3847 nummatum
571 3785 688 3843 decorat
701 3785 826 3842 Suadela
838 3786 1004 3861 Venusque.

231 3867 385 3945 Mancipiis
399 3866 526 3942 locuples
539 3877 604 3941 eget
618 3865 682 3923 reris
695 3864 900 3941 Cappadocum
914 3882 981 3921 rex:

231 3947 279 4007 Ne
293 3949 379 4007 fueris
393 3947 490 4007 hictu.
531 3944 706 4021 Chlamydes
719 3942 867 4015 Lucullus,
881 3953 914 4001 ut
927 3942 1020 4014 aiunt,
