<?xml version="1.0" encoding="UTF-8"?>
<!DOCTYPE html PUBLIC "-//W3C//DTD XHTML 1.0 Transitional//EN"
    "http://www.w3.org/TR/xhtml1/DTD/xhtml1-transitional.dtd">
<html xmlns="http://www.w3.org/1999/xhtml" xml:lang="en" lang="en">
 <head>
  <title>
</title>
<meta http-equiv="Content-Type" content="text/html;charset=utf-8" />
  <meta name='ocr-system' content='tesseract 3.04.00' />
  <meta name='ocr-capabilities' content='ocr_page ocr_carea ocr_par ocr_line ocrx_word'/>
</head>
<body>
  <div class='ocr_page' id='page_1' title='image "./opera03horagoog_0189.png"; bbox 0 0 2617 4442; ppageno 0'>
   <div class='ocr_carea' id='block_1_1' title="bbox 427 354 854 404">
    <p class='ocr_par' dir='ltr' id='par_1_1' title="bbox 427 354 854 404">
     <span class='ocr_line' id='line_1_1' title="bbox 427 354 854 404; baseline 0 0"><span class='ocrx_word' id='word_1_1' title='bbox 427 354 675 404; x_wconf 83' lang='lat' dir='ltr'>EPISTOLARUM</span> <span class='ocrx_word' id='word_1_2' title='bbox 692 354 758 404; x_wconf 89' lang='lat' dir='ltr'>LIB.</span> <span class='ocrx_word' id='word_1_3' title='bbox 776 354 812 404; x_wconf 90' lang='grc' dir='ltr'>ΙΙ.</span> <span class='ocrx_word' id='word_1_4' title='bbox 829 358 854 404; x_wconf 77' lang='grc'>2.</span> 
     </span>
    </p>
   </div>
   <div class='ocr_carea' id='block_1_2' title="bbox 169 496 992 3979">
    <p class='ocr_par' dir='ltr' id='par_1_2' title="bbox 171 496 773 573">
     <span class='ocr_line' id='line_1_2' title="bbox 171 496 773 573; baseline 0.002 -18"><span class='ocrx_word' id='word_1_5' title='bbox 171 497 264 571; x_wconf 88' lang='lat' dir='ltr'>ldem,</span> <span class='ocrx_word' id='word_1_6' title='bbox 280 496 367 555; x_wconf 87' lang='lat' dir='ltr'>finitis</span> <span class='ocrx_word' id='word_1_7' title='bbox 380 498 482 558; x_wconf 88' lang='lat' dir='ltr'>studiis</span> <span class='ocrx_word' id='word_1_8' title='bbox 495 508 525 557; x_wconf 88' lang='lat' dir='ltr'>et</span> <span class='ocrx_word' id='word_1_9' title='bbox 537 509 633 556; x_wconf 87' lang='lat' dir='ltr'>mente</span> <span class='ocrx_word' id='word_1_10' title='bbox 647 497 773 573; x_wconf 66' lang='lat' dir='ltr'>recepti,</span> 
     </span>
    </p>

    <p class='ocr_par' dir='ltr' id='par_1_3' title="bbox 170 574 974 733">
     <span class='ocr_line' id='line_1_3' title="bbox 170 574 850 653; baseline 0 -17"><span class='ocrx_word' id='word_1_11' title='bbox 170 577 313 636; x_wconf 89' lang='lat' dir='ltr'>Obturem</span> <span class='ocrx_word' id='word_1_12' title='bbox 326 578 437 652; x_wconf 79' lang='lat' dir='ltr'>patulus</span> <span class='ocrx_word' id='word_1_13' title='bbox 451 574 567 653; x_wconf 74' lang='lat' dir='ltr'>impune</span> <span class='ocrx_word' id='word_1_14' title='bbox 583 577 744 653; x_wconf 82' lang='lat' dir='ltr'>legentibus</span> <span class='ocrx_word' id='word_1_15' title='bbox 758 596 850 636; x_wconf 80' lang='lat' dir='ltr'>aures.</span> 
     </span>
     <span class='ocr_line' id='line_1_4' title="bbox 212 655 974 733; baseline 0.001 -19"><span class='ocrx_word' id='word_1_16' title='bbox 212 656 356 714; x_wconf 81' lang='lat' dir='ltr'>Ridentur</span> <span class='ocrx_word' id='word_1_17' title='bbox 369 656 444 714; x_wconf 84' lang='lat' dir='ltr'>mule</span> <span class='ocrx_word' id='word_1_18' title='bbox 457 657 505 733; x_wconf 92' lang='lat' dir='ltr'>qui</span> <span class='ocrx_word' id='word_1_19' title='bbox 519 667 696 732; x_wconf 89' lang='lat' dir='ltr'>componunt</span> <span class='ocrx_word' id='word_1_20' title='bbox 709 657 853 715; x_wconf 79' lang='lat' dir='ltr'>carmine:</span> <span class='ocrx_word' id='word_1_21' title='bbox 875 655 974 716; x_wconf 79' lang='lat' dir='ltr'>verum</span> 
     </span>
    </p>

    <p class='ocr_par' dir='ltr' id='par_1_4' title="bbox 171 735 908 810">
     <span class='ocr_line' id='line_1_5' title="bbox 171 735 908 810; baseline 0.003 -18"><span class='ocrx_word' id='word_1_22' title='bbox 171 735 306 793; x_wconf 82' lang='lat' dir='ltr'><strong>Gaudent</strong></span> <span class='ocrx_word' id='word_1_23' title='bbox 319 736 486 807; x_wconf 83' lang='lat' dir='ltr'>scribentes,</span> <span class='ocrx_word' id='word_1_24' title='bbox 500 747 529 793; x_wconf 89' lang='lat' dir='ltr'>et</span> <span class='ocrx_word' id='word_1_25' title='bbox 543 755 573 793; x_wconf 89' lang='lat' dir='ltr'>se</span> <span class='ocrx_word' id='word_1_26' title='bbox 587 746 768 807; x_wconf 84' lang='lat' dir='ltr'>venerantur,</span> <span class='ocrx_word' id='word_1_27' title='bbox 782 746 812 793; x_wconf 89' lang='lat' dir='ltr'>et</span> <span class='ocrx_word' id='word_1_28' title='bbox 825 737 908 810; x_wconf 90' lang='lat' dir='ltr'>ultro,</span> 
     </span>
    </p>

    <p class='ocr_par' dir='ltr' id='par_1_5' title="bbox 174 813 886 891">
     <span class='ocr_line' id='line_1_6' title="bbox 174 813 886 891; baseline 0.003 -20"><span class='ocrx_word' id='word_1_29' title='bbox 174 815 205 872; x_wconf 84' lang='lat' dir='ltr'>Si</span> <span class='ocrx_word' id='word_1_30' title='bbox 219 825 324 887; x_wconf 82' lang='lat' dir='ltr'>taceae,</span> <span class='ocrx_word' id='word_1_31' title='bbox 339 814 467 887; x_wconf 86' lang='lat' dir='ltr'>laudant,</span> <span class='ocrx_word' id='word_1_32' title='bbox 482 815 620 890; x_wconf 93' lang='lat' dir='ltr'>quidquid</span> <span class='ocrx_word' id='word_1_33' title='bbox 634 813 785 891; x_wconf 75' lang='lat' dir='ltr'>scripsdre‚</span> <span class='ocrx_word' id='word_1_34' title='bbox 801 815 886 873; x_wconf 85' lang='lat' dir='ltr'>beati.</span> 
     </span>
    </p>

    <p class='ocr_par' dir='ltr' id='par_1_6' title="bbox 173 893 813 970">
     <span class='ocr_line' id='line_1_7' title="bbox 173 893 813 970; baseline 0.002 -20"><span class='ocrx_word' id='word_1_35' title='bbox 173 895 223 966; x_wconf 87' lang='lat' dir='ltr'>At,</span> <span class='ocrx_word' id='word_1_36' title='bbox 237 894 285 969; x_wconf 92' lang='lat' dir='ltr'>qui</span> <span class='ocrx_word' id='word_1_37' title='bbox 298 893 457 969; x_wconf 86' lang='lat' dir='ltr'>legitimum</span> <span class='ocrx_word' id='word_1_38' title='bbox 471 894 568 970; x_wconf 87' lang='lat' dir='ltr'>cupiet</span> <span class='ocrx_word' id='word_1_39' title='bbox 582 893 684 951; x_wconf 89' lang='lat' dir='ltr'>secisse</span> <span class='ocrx_word' id='word_1_40' title='bbox 698 896 813 969; x_wconf 67' lang='lat' dir='ltr'>poema,</span> 
     </span>
    </p>

    <p class='ocr_par' dir='ltr' id='par_1_7' title="bbox 173 972 899 1043">
     <span class='ocr_line' id='line_1_8' title="bbox 173 972 899 1043; baseline 0 -12"><span class='ocrx_word' id='word_1_41' title='bbox 173 974 249 1031; x_wconf 86' lang='lat' dir='ltr'>Cum</span> <span class='ocrx_word' id='word_1_42' title='bbox 263 972 365 1031; x_wconf 76' lang='lat' dir='ltr'>tubulis</span> <span class='ocrx_word' id='word_1_43' title='bbox 379 974 507 1031; x_wconf 87' lang='lat' dir='ltr'>animum</span> <span class='ocrx_word' id='word_1_44' title='bbox 521 974 649 1031; x_wconf 89' lang='lat' dir='ltr'>censoris</span> <span class='ocrx_word' id='word_1_45' title='bbox 662 983 757 1031; x_wconf 87' lang='lat' dir='ltr'>sumet</span> <span class='ocrx_word' id='word_1_46' title='bbox 770 974 899 1043; x_wconf 90' lang='lat' dir='ltr'>honesti;</span> 
     </span>
    </p>

    <p class='ocr_par' dir='ltr' id='par_1_8' title="bbox 173 1052 947 1129">
     <span class='ocr_line' id='line_1_9' title="bbox 173 1052 947 1129; baseline 0.001 -20"><span class='ocrx_word' id='word_1_47' title='bbox 173 1052 301 1110; x_wconf 81' lang='lat' dir='ltr'>Audebit</span> <span class='ocrx_word' id='word_1_48' title='bbox 314 1070 491 1128; x_wconf 85' lang='lat' dir='ltr'>quaecunque</span> <span class='ocrx_word' id='word_1_49' title='bbox 503 1071 604 1128; x_wconf 84' lang='lat' dir='ltr'>parum</span> <span class='ocrx_word' id='word_1_50' title='bbox 619 1052 777 1129; x_wconf 85' lang='lat' dir='ltr'>splendoris</span> <span class='ocrx_word' id='word_1_51' title='bbox 791 1053 947 1125; x_wconf 85' lang='lat' dir='ltr'>habebunt,</span> 
     </span>
    </p>

    <p class='ocr_par' dir='ltr' id='par_1_9' title="bbox 173 1130 980 1208">
     <span class='ocr_line' id='line_1_10' title="bbox 173 1130 980 1208; baseline 0.002 -21"><span class='ocrx_word' id='word_1_52' title='bbox 173 1130 211 1188; x_wconf 90' lang='lat' dir='ltr'>Et</span> <span class='ocrx_word' id='word_1_53' title='bbox 225 1131 287 1188; x_wconf 90' lang='lat' dir='ltr'>sine</span> <span class='ocrx_word' id='word_1_54' title='bbox 299 1133 425 1208; x_wconf 89' lang='lat' dir='ltr'>pondere</span> <span class='ocrx_word' id='word_1_55' title='bbox 439 1142 532 1203; x_wconf 89' lang='lat' dir='ltr'>eruut,</span> <span class='ocrx_word' id='word_1_56' title='bbox 546 1142 575 1189; x_wconf 90' lang='lat' dir='ltr'>et</span> <span class='ocrx_word' id='word_1_57' title='bbox 589 1133 697 1190; x_wconf 89' lang='lat' dir='ltr'>honore</span> <span class='ocrx_word' id='word_1_58' title='bbox 710 1132 830 1208; x_wconf 85' lang='lat' dir='ltr'>indigna</span> <span class='ocrx_word' id='word_1_59' title='bbox 844 1132 980 1206; x_wconf 89' lang='lat' dir='ltr'>ferentur,</span> 
     </span>
    </p>

    <p class='ocr_par' dir='ltr' id='par_1_10' title="bbox 174 1210 886 1286">
     <span class='ocr_line' id='line_1_11' title="bbox 174 1210 886 1286; baseline 0 -17"><span class='ocrx_word' id='word_1_60' title='bbox 174 1211 270 1269; x_wconf 87' lang='lat' dir='ltr'>Verba</span> <span class='ocrx_word' id='word_1_61' title='bbox 283 1230 396 1269; x_wconf 89' lang='lat' dir='ltr'>movere</span> <span class='ocrx_word' id='word_1_62' title='bbox 409 1211 483 1284; x_wconf 92' lang='lat' dir='ltr'>loco,</span> <span class='ocrx_word' id='word_1_63' title='bbox 497 1211 624 1286; x_wconf 82' lang='lat' dir='ltr'>quamvis</span> <span class='ocrx_word' id='word_1_64' title='bbox 637 1210 727 1268; x_wconf 82' lang='lat' dir='ltr'>invite</span> <span class='ocrx_word' id='word_1_65' title='bbox 740 1213 886 1284; x_wconf 84' lang='lat' dir='ltr'>recedent,</span> 
     </span>
    </p>

    <p class='ocr_par' dir='ltr' id='par_1_11' title="bbox 173 1289 859 1366">
     <span class='ocr_line' id='line_1_12' title="bbox 173 1289 859 1366; baseline 0.004 -20"><span class='ocrx_word' id='word_1_66' title='bbox 173 1289 211 1347; x_wconf 85' lang='lat' dir='ltr'>Et</span> <span class='ocrx_word' id='word_1_67' title='bbox 225 1300 371 1349; x_wconf 87' lang='lat' dir='ltr'>versentur</span> <span class='ocrx_word' id='word_1_68' title='bbox 385 1292 480 1347; x_wconf 85' lang='lat' dir='ltr'>udhuc</span> <span class='ocrx_word' id='word_1_69' title='bbox 494 1290 569 1347; x_wconf 87' lang='lat' dir='ltr'>intra</span> <span class='ocrx_word' id='word_1_70' title='bbox 582 1291 739 1366; x_wconf 79' lang='lat' dir='ltr'>penetralia</span> <span class='ocrx_word' id='word_1_71' title='bbox 754 1290 859 1349; x_wconf 73' lang='lat' dir='ltr'>Vester.</span> 
     </span>
    </p>

    <p class='ocr_par' dir='ltr' id='par_1_12' title="bbox 172 1367 845 1445">
     <span class='ocr_line' id='line_1_13' title="bbox 172 1367 845 1445; baseline 0.003 -20"><span class='ocrx_word' id='word_1_72' title='bbox 172 1367 333 1427; x_wconf 84' lang='lat' dir='ltr'>Obscurete</span> <span class='ocrx_word' id='word_1_73' title='bbox 346 1370 396 1427; x_wconf 91' lang='lat' dir='ltr'>diu</span> <span class='ocrx_word' id='word_1_74' title='bbox 408 1370 512 1445; x_wconf 94' lang='lat' dir='ltr'>populo</span> <span class='ocrx_word' id='word_1_75' title='bbox 525 1370 617 1427; x_wconf 89' lang='lat' dir='ltr'>bonus</span> <span class='ocrx_word' id='word_1_76' title='bbox 630 1380 722 1441; x_wconf 90' lang='lat' dir='ltr'>eruet,</span> <span class='ocrx_word' id='word_1_77' title='bbox 736 1381 821 1444; x_wconf 84' lang='lat' dir='ltr'>atque</span> <span class='ocrx_word' id='word_1_78' title='bbox 841 1389 845 1395; x_wconf 87' lang='lat'><strong>·</strong></span> 
     </span>
    </p>

    <p class='ocr_par' dir='ltr' id='par_1_13' title="bbox 173 1446 867 1524">
     <span class='ocr_line' id='line_1_14' title="bbox 173 1446 867 1524; baseline 0.001 -19"><span class='ocrx_word' id='word_1_79' title='bbox 173 1446 301 1505; x_wconf 83' lang='lat' dir='ltr'>Proseret</span> <span class='ocrx_word' id='word_1_80' title='bbox 314 1448 344 1506; x_wconf 91' lang='lat' dir='ltr'>in</span> <span class='ocrx_word' id='word_1_81' title='bbox 359 1449 454 1505; x_wconf 88' lang='lat' dir='ltr'>lucem</span> <span class='ocrx_word' id='word_1_82' title='bbox 468 1447 597 1524; x_wconf 79' lang='lat' dir='ltr'>speciose</span> <span class='ocrx_word' id='word_1_83' title='bbox 609 1449 748 1505; x_wconf 84' lang='lat' dir='ltr'>vocabula</span> <span class='ocrx_word' id='word_1_84' title='bbox 761 1467 867 1521; x_wconf 88' lang='lat' dir='ltr'>rerum,</span> 
     </span>
    </p>

    <p class='ocr_par' dir='ltr' id='par_1_14' title="bbox 171 1526 973 1603">
     <span class='ocr_line' id='line_1_15' title="bbox 171 1526 973 1603; baseline 0 -20"><span class='ocrx_word' id='word_1_85' title='bbox 171 1526 259 1599; x_wconf 78' lang='lat' dir='ltr'>Quae,</span> <span class='ocrx_word' id='word_1_86' title='bbox 273 1527 375 1602; x_wconf 90' lang='lat' dir='ltr'>priscis</span> <span class='ocrx_word' id='word_1_87' title='bbox 389 1537 543 1584; x_wconf 82' lang='lat' dir='ltr'>memorata</span> <span class='ocrx_word' id='word_1_88' title='bbox 557 1527 715 1584; x_wconf 85' lang='lat' dir='ltr'>Catonibus</span> <span class='ocrx_word' id='word_1_89' title='bbox 729 1538 813 1602; x_wconf 84' lang='lat' dir='ltr'>atque</span> <span class='ocrx_word' id='word_1_90' title='bbox 826 1526 973 1603; x_wconf 84' lang='lat' dir='ltr'>Cethegis,</span> 
     </span>
    </p>

    <p class='ocr_par' dir='ltr' id='par_1_15' title="bbox 171 1605 927 1681">
     <span class='ocr_line' id='line_1_16' title="bbox 171 1605 927 1681; baseline -0.001 -17"><span class='ocrx_word' id='word_1_91' title='bbox 171 1606 262 1664; x_wconf 91' lang='lat' dir='ltr'>Nunc</span> <span class='ocrx_word' id='word_1_92' title='bbox 277 1605 349 1664; x_wconf 89' lang='lat' dir='ltr'>situs</span> <span class='ocrx_word' id='word_1_93' title='bbox 362 1605 490 1663; x_wconf 89' lang='lat' dir='ltr'>informis</span> <span class='ocrx_word' id='word_1_94' title='bbox 503 1605 605 1681; x_wconf 85' lang='lat' dir='ltr'>premit</span> <span class='ocrx_word' id='word_1_95' title='bbox 617 1615 647 1664; x_wconf 90' lang='lat' dir='ltr'>et</span> <span class='ocrx_word' id='word_1_96' title='bbox 660 1607 773 1663; x_wconf 84' lang='lat' dir='ltr'>deserta</span> <span class='ocrx_word' id='word_1_97' title='bbox 786 1616 909 1663; x_wconf 79' lang='lat' dir='ltr'>vetustus</span> <span class='ocrx_word' id='word_1_98' title='bbox 920 1625 927 1663; x_wconf 81' lang='lat' dir='ltr'><strong><em>z</em></strong></span> 
     </span>
    </p>

    <p class='ocr_par' dir='ltr' id='par_1_16' title="bbox 171 1684 892 1761">
     <span class='ocr_line' id='line_1_17' title="bbox 171 1684 892 1761; baseline 0 -19"><span class='ocrx_word' id='word_1_99' title='bbox 171 1686 327 1743; x_wconf 85' lang='lat' dir='ltr'>Adsciscet</span> <span class='ocrx_word' id='word_1_100' title='bbox 340 1704 423 1757; x_wconf 85' lang='lat' dir='ltr'>nova,</span> <span class='ocrx_word' id='word_1_101' title='bbox 437 1703 500 1760; x_wconf 83' lang='lat' dir='ltr'>quae</span> <span class='ocrx_word' id='word_1_102' title='bbox 515 1684 626 1761; x_wconf 86' lang='lat' dir='ltr'>genitor</span> <span class='ocrx_word' id='word_1_103' title='bbox 639 1685 804 1760; x_wconf 83' lang='lat' dir='ltr'>produxerit</span> <span class='ocrx_word' id='word_1_104' title='bbox 816 1704 892 1742; x_wconf 90' lang='lat' dir='ltr'>usus.</span> 
     </span>
    </p>

    <p class='ocr_par' dir='ltr' id='par_1_17' title="bbox 170 1764 937 1839">
     <span class='ocr_line' id='line_1_18' title="bbox 170 1764 937 1839; baseline 0.001 -17"><span class='ocrx_word' id='word_1_105' title='bbox 170 1764 337 1822; x_wconf 86' lang='lat' dir='ltr'>Vehemens</span> <span class='ocrx_word' id='word_1_106' title='bbox 347 1774 377 1821; x_wconf 90' lang='lat' dir='ltr'>et</span> <span class='ocrx_word' id='word_1_107' title='bbox 389 1764 522 1839; x_wconf 89' lang='lat' dir='ltr'>liquidus,</span> <span class='ocrx_word' id='word_1_108' title='bbox 536 1782 662 1839; x_wconf 87' lang='lat' dir='ltr'>puroque</span> <span class='ocrx_word' id='word_1_109' title='bbox 676 1764 836 1822; x_wconf 89' lang='lat' dir='ltr'>simillimus</span> <span class='ocrx_word' id='word_1_110' title='bbox 850 1765 937 1838; x_wconf 83' lang='lat' dir='ltr'>amni,</span> 
     </span>
    </p>

    <p class='ocr_par' dir='ltr' id='par_1_18' title="bbox 171 1842 892 1920">
     <span class='ocr_line' id='line_1_19' title="bbox 171 1842 892 1920; baseline 0.003 -20"><span class='ocrx_word' id='word_1_111' title='bbox 171 1844 287 1901; x_wconf 87' lang='lat' dir='ltr'>Fundet</span> <span class='ocrx_word' id='word_1_112' title='bbox 299 1863 378 1919; x_wconf 90' lang='lat' dir='ltr'>opes,</span> <span class='ocrx_word' id='word_1_113' title='bbox 393 1842 562 1918; x_wconf 85' lang='lat' dir='ltr'>Latiumque</span> <span class='ocrx_word' id='word_1_114' title='bbox 577 1842 673 1900; x_wconf 83' lang='lat' dir='ltr'>beabit</span> <span class='ocrx_word' id='word_1_115' title='bbox 686 1843 772 1901; x_wconf 87' lang='lat' dir='ltr'>divite</span> <span class='ocrx_word' id='word_1_116' title='bbox 784 1843 892 1920; x_wconf 73' lang='lat' dir='ltr'>lingui.</span> 
     </span>
    </p>

    <p class='ocr_par' dir='ltr' id='par_1_19' title="bbox 171 1922 840 1999">
     <span class='ocr_line' id='line_1_20' title="bbox 171 1922 840 1999; baseline 0 -18"><span class='ocrx_word' id='word_1_117' title='bbox 171 1922 359 1981; x_wconf 83' lang='lat' dir='ltr'>Luxuriantia</span> <span class='ocrx_word' id='word_1_118' title='bbox 371 1934 544 1999; x_wconf 86' lang='lat' dir='ltr'>compescet,</span> <span class='ocrx_word' id='word_1_119' title='bbox 558 1923 643 1979; x_wconf 90' lang='lat' dir='ltr'>nimis</span> <span class='ocrx_word' id='word_1_120' title='bbox 657 1942 757 1999; x_wconf 86' lang='lat' dir='ltr'>aspera</span> <span class='ocrx_word' id='word_1_121' title='bbox 769 1943 840 1981; x_wconf 87' lang='lat' dir='ltr'>sano</span> 
     </span>
    </p>

    <p class='ocr_par' dir='ltr' id='par_1_20' title="bbox 172 2001 758 2075">
     <span class='ocr_line' id='line_1_21' title="bbox 172 2001 758 2075; baseline -0.002 -14"><span class='ocrx_word' id='word_1_122' title='bbox 172 2003 290 2065; x_wconf 77' lang='lat' dir='ltr'>Levebit</span> <span class='ocrx_word' id='word_1_123' title='bbox 303 2001 391 2075; x_wconf 90' lang='lat' dir='ltr'>cultu,</span> <span class='ocrx_word' id='word_1_124' title='bbox 405 2002 507 2060; x_wconf 89' lang='lat' dir='ltr'>virtute</span> <span class='ocrx_word' id='word_1_125' title='bbox 521 2002 648 2061; x_wconf 80' lang='lat' dir='ltr'>carentia</span> <span class='ocrx_word' id='word_1_126' title='bbox 661 2002 758 2060; x_wconf 89' lang='lat' dir='ltr'>tollet:</span> 
     </span>
    </p>

    <p class='ocr_par' dir='ltr' id='par_1_21' title="bbox 172 2081 901 2159">
     <span class='ocr_line' id='line_1_22' title="bbox 172 2081 901 2159; baseline 0.001 -19"><span class='ocrx_word' id='word_1_127' title='bbox 172 2081 311 2141; x_wconf 90' lang='lat' dir='ltr'>Ludentis</span> <span class='ocrx_word' id='word_1_128' title='bbox 325 2082 449 2158; x_wconf 88' lang='lat' dir='ltr'>speciem</span> <span class='ocrx_word' id='word_1_129' title='bbox 462 2082 551 2154; x_wconf 87' lang='lat' dir='ltr'>dabit,</span> <span class='ocrx_word' id='word_1_130' title='bbox 566 2092 595 2139; x_wconf 90' lang='lat' dir='ltr'>et</span> <span class='ocrx_word' id='word_1_131' title='bbox 607 2083 792 2157; x_wconf 87' lang='lat' dir='ltr'>torquebitur,</span> <span class='ocrx_word' id='word_1_132' title='bbox 807 2093 838 2141; x_wconf 93' lang='lat' dir='ltr'>ut</span> <span class='ocrx_word' id='word_1_133' title='bbox 852 2084 901 2159; x_wconf 94' lang='lat' dir='ltr'>qui</span> 
     </span>
    </p>

    <p class='ocr_par' dir='ltr' id='par_1_22' title="bbox 172 2160 959 2316">
     <span class='ocr_line' id='line_1_23' title="bbox 172 2160 959 2237; baseline 0.004 -18"><span class='ocrx_word' id='word_1_134' title='bbox 172 2161 261 2220; x_wconf 91' lang='lat' dir='ltr'>Nunc</span> <span class='ocrx_word' id='word_1_135' title='bbox 276 2162 417 2236; x_wconf 82' lang='lat' dir='ltr'>Satyrum,</span> <span class='ocrx_word' id='word_1_136' title='bbox 432 2180 511 2218; x_wconf 91' lang='lat' dir='ltr'>nunc</span> <span class='ocrx_word' id='word_1_137' title='bbox 526 2172 667 2237; x_wconf 83' lang='lat' dir='ltr'>agrestem</span> <span class='ocrx_word' id='word_1_138' title='bbox 681 2160 810 2237; x_wconf 82' lang='lat' dir='ltr'>Cyclopa</span> <span class='ocrx_word' id='word_1_139' title='bbox 823 2175 959 2222; x_wconf 87' lang='lat' dir='ltr'>movetur.</span> 
     </span>
     <span class='ocr_line' id='line_1_24' title="bbox 211 2240 901 2316; baseline 0.003 -18"><span class='ocrx_word' id='word_1_140' title='bbox 211 2240 388 2298; x_wconf 86' lang='lat' dir='ltr'>Praetulerim</span> <span class='ocrx_word' id='word_1_141' title='bbox 402 2241 521 2315; x_wconf 80' lang='lat' dir='ltr'>scriptor</span> <span class='ocrx_word' id='word_1_142' title='bbox 534 2240 641 2297; x_wconf 89' lang='lat' dir='ltr'>delirus</span> <span class='ocrx_word' id='word_1_143' title='bbox 654 2240 788 2316; x_wconf 89' lang='lat' dir='ltr'>inersque</span> <span class='ocrx_word' id='word_1_144' title='bbox 802 2242 901 2313; x_wconf 91' lang='lat' dir='ltr'>videri,</span> 
     </span>
    </p>

    <p class='ocr_par' dir='ltr' id='par_1_23' title="bbox 172 2319 963 2395">
     <span class='ocr_line' id='line_1_25' title="bbox 172 2319 963 2395; baseline 0.004 -19"><span class='ocrx_word' id='word_1_145' title='bbox 172 2319 250 2376; x_wconf 91' lang='lat' dir='ltr'>Dum</span> <span class='ocrx_word' id='word_1_146' title='bbox 264 2339 328 2377; x_wconf 84' lang='lat' dir='ltr'>mee</span> <span class='ocrx_word' id='word_1_147' title='bbox 341 2320 486 2377; x_wconf 82' lang='lat' dir='ltr'>delectent</span> <span class='ocrx_word' id='word_1_148' title='bbox 499 2319 574 2376; x_wconf 83' lang='lat' dir='ltr'>mela</span> <span class='ocrx_word' id='word_1_149' title='bbox 587 2338 644 2391; x_wconf 90' lang='lat' dir='ltr'>me,</span> <span class='ocrx_word' id='word_1_150' title='bbox 658 2319 703 2376; x_wconf 88' lang='lat' dir='ltr'>vel</span> <span class='ocrx_word' id='word_1_151' title='bbox 717 2319 841 2395; x_wconf 89' lang='lat' dir='ltr'>denique</span> <span class='ocrx_word' id='word_1_152' title='bbox 855 2321 963 2393; x_wconf 83' lang='lat' dir='ltr'>sallent,</span> 
     </span>
    </p>

    <p class='ocr_par' dir='ltr' id='par_1_24' title="bbox 170 2397 992 2477">
     <span class='ocr_line' id='line_1_26' title="bbox 170 2397 992 2477; baseline 0.001 -20"><span class='ocrx_word' id='word_1_153' title='bbox 170 2397 271 2461; x_wconf 71' lang='lat' dir='ltr'>Quem</span> <span class='ocrx_word' id='word_1_154' title='bbox 285 2418 393 2475; x_wconf 79' lang='lat' dir='ltr'>sapere,</span> <span class='ocrx_word' id='word_1_155' title='bbox 407 2410 437 2461; x_wconf 88' lang='lat' dir='ltr'>et</span> <span class='ocrx_word' id='word_1_156' title='bbox 449 2398 533 2475; x_wconf 74' lang='lat' dir='ltr'>tingi,</span> <span class='ocrx_word' id='word_1_157' title='bbox 574 2398 643 2455; x_wconf 88' lang='lat' dir='ltr'>Fuit</span> <span class='ocrx_word' id='word_1_158' title='bbox 656 2398 733 2455; x_wconf 84' lang='lat' dir='ltr'>haud</span> <span class='ocrx_word' id='word_1_159' title='bbox 747 2399 881 2474; x_wconf 85' lang='lat' dir='ltr'>ignobilis</span> <span class='ocrx_word' id='word_1_160' title='bbox 894 2400 992 2477; x_wconf 85' lang='lat' dir='ltr'>Argis,</span> 
     </span>
    </p>

    <p class='ocr_par' dir='ltr' id='par_1_25' title="bbox 170 2476 804 2553">
     <span class='ocr_line' id='line_1_27' title="bbox 170 2476 804 2553; baseline -0.009 -13"><span class='ocrx_word' id='word_1_161' title='bbox 170 2478 233 2541; x_wconf 82' lang='lat' dir='ltr'>Qui</span> <span class='ocrx_word' id='word_1_162' title='bbox 246 2498 276 2535; x_wconf 88' lang='lat' dir='ltr'>se</span> <span class='ocrx_word' id='word_1_163' title='bbox 290 2479 426 2536; x_wconf 86' lang='lat' dir='ltr'>credebat</span> <span class='ocrx_word' id='word_1_164' title='bbox 439 2477 525 2535; x_wconf 90' lang='lat' dir='ltr'>miros</span> <span class='ocrx_word' id='word_1_165' title='bbox 540 2476 638 2534; x_wconf 86' lang='lat' dir='ltr'>audire</span> <span class='ocrx_word' id='word_1_166' title='bbox 652 2477 804 2553; x_wconf 83' lang='lat' dir='ltr'>tragoedos,</span> 
     </span>
    </p>

    <p class='ocr_par' dir='ltr' id='par_1_26' title="bbox 171 2556 834 2633">
     <span class='ocr_line' id='line_1_28' title="bbox 171 2556 834 2633; baseline 0.002 -19"><span class='ocrx_word' id='word_1_167' title='bbox 171 2557 208 2615; x_wconf 91' lang='lat' dir='ltr'>ln</span> <span class='ocrx_word' id='word_1_168' title='bbox 222 2576 313 2615; x_wconf 87' lang='lat' dir='ltr'>vacuo</span> <span class='ocrx_word' id='word_1_169' title='bbox 326 2557 408 2614; x_wconf 84' lang='lat' dir='ltr'>laetus</span> <span class='ocrx_word' id='word_1_170' title='bbox 422 2576 514 2615; x_wconf 87' lang='lat' dir='ltr'>sessor</span> <span class='ocrx_word' id='word_1_171' title='bbox 524 2556 694 2633; x_wconf 78' lang='lat' dir='ltr'>plausorque</span> <span class='ocrx_word' id='word_1_172' title='bbox 707 2558 818 2615; x_wconf 84' lang='lat' dir='ltr'>theatro</span> <span class='ocrx_word' id='word_1_173' title='bbox 826 2578 834 2629; x_wconf 91' lang='lat'>;</span> 
     </span>
    </p>

    <p class='ocr_par' dir='ltr' id='par_1_27' title="bbox 171 2636 763 2714">
     <span class='ocr_line' id='line_1_29' title="bbox 171 2636 763 2714; baseline 0 -20"><span class='ocrx_word' id='word_1_174' title='bbox 171 2637 283 2695; x_wconf 78' lang='lat' dir='ltr'>Cretera</span> <span class='ocrx_word' id='word_1_175' title='bbox 297 2636 345 2714; x_wconf 91' lang='lat' dir='ltr'>qui</span> <span class='ocrx_word' id='word_1_176' title='bbox 359 2637 422 2694; x_wconf 86' lang='lat' dir='ltr'>vitae</span> <span class='ocrx_word' id='word_1_177' title='bbox 436 2647 560 2694; x_wconf 83' lang='lat' dir='ltr'>servaret</span> <span class='ocrx_word' id='word_1_178' title='bbox 573 2637 671 2695; x_wconf 82' lang='lat' dir='ltr'>munia</span> <span class='ocrx_word' id='word_1_179' title='bbox 684 2647 763 2694; x_wconf 88' lang='lat' dir='ltr'>recto</span> 
     </span>
    </p>

    <p class='ocr_par' dir='ltr' id='par_1_28' title="bbox 171 2713 872 2793">
     <span class='ocr_line' id='line_1_30' title="bbox 171 2713 872 2793; baseline 0.003 -20"><span class='ocrx_word' id='word_1_180' title='bbox 171 2715 270 2785; x_wconf 80' lang='lat' dir='ltr'>More3</span> <span class='ocrx_word' id='word_1_181' title='bbox 293 2716 383 2774; x_wconf 89' lang='lat' dir='ltr'>bonus</span> <span class='ocrx_word' id='word_1_182' title='bbox 397 2713 467 2773; x_wconf 74' lang='lat' dir='ltr'>send</span> <span class='ocrx_word' id='word_1_183' title='bbox 482 2716 602 2789; x_wconf 89' lang='lat' dir='ltr'>vicinus,</span> <span class='ocrx_word' id='word_1_184' title='bbox 617 2715 747 2774; x_wconf 86' lang='lat' dir='ltr'>amabilis</span> <span class='ocrx_word' id='word_1_185' title='bbox 760 2716 872 2793; x_wconf 85' lang='lat' dir='ltr'>hospes,</span> 
     </span>
    </p>

    <p class='ocr_par' dir='ltr' id='par_1_29' title="bbox 171 2795 915 2873">
     <span class='ocr_line' id='line_1_31' title="bbox 171 2795 915 2873; baseline 0.001 -20"><span class='ocrx_word' id='word_1_186' title='bbox 171 2795 270 2853; x_wconf 82' lang='lat' dir='ltr'>Cornis</span> <span class='ocrx_word' id='word_1_187' title='bbox 284 2795 314 2853; x_wconf 92' lang='lat' dir='ltr'>in</span> <span class='ocrx_word' id='word_1_188' title='bbox 328 2813 462 2866; x_wconf 81' lang='lat' dir='ltr'>uxorem3</span> <span class='ocrx_word' id='word_1_189' title='bbox 482 2807 577 2873; x_wconf 89' lang='lat' dir='ltr'>posset</span> <span class='ocrx_word' id='word_1_190' title='bbox 591 2795 639 2870; x_wconf 94' lang='lat' dir='ltr'>qui</span> <span class='ocrx_word' id='word_1_191' title='bbox 653 2796 804 2872; x_wconf 87' lang='lat' dir='ltr'>ignoscere</span> <span class='ocrx_word' id='word_1_192' title='bbox 817 2798 915 2870; x_wconf 87' lang='lat' dir='ltr'>servis,</span> 
     </span>
    </p>

    <p class='ocr_par' dir='ltr' id='par_1_30' title="bbox 170 2873 735 2951">
     <span class='ocr_line' id='line_1_32' title="bbox 170 2873 735 2951; baseline 0 -20"><span class='ocrx_word' id='word_1_193' title='bbox 170 2874 209 2933; x_wconf 88' lang='lat' dir='ltr'>Et</span> <span class='ocrx_word' id='word_1_194' title='bbox 222 2876 305 2951; x_wconf 83' lang='lat' dir='ltr'>signo</span> <span class='ocrx_word' id='word_1_195' title='bbox 318 2873 385 2932; x_wconf 83' lang='lat' dir='ltr'>laeso</span> <span class='ocrx_word' id='word_1_196' title='bbox 399 2894 457 2933; x_wconf 91' lang='lat' dir='ltr'>non</span> <span class='ocrx_word' id='word_1_197' title='bbox 471 2876 595 2933; x_wconf 84' lang='lat' dir='ltr'>insanire</span> <span class='ocrx_word' id='word_1_198' title='bbox 609 2874 735 2951; x_wconf 82' lang='lat' dir='ltr'>lagenae3</span> 
     </span>
    </p>

    <p class='ocr_par' dir='ltr' id='par_1_31' title="bbox 170 2954 890 3032">
     <span class='ocr_line' id='line_1_33' title="bbox 170 2954 890 3032; baseline 0.003 -21"><span class='ocrx_word' id='word_1_199' title='bbox 170 2954 270 3011; x_wconf 89' lang='lat' dir='ltr'>Posset</span> <span class='ocrx_word' id='word_1_200' title='bbox 284 2954 333 3029; x_wconf 93' lang='lat' dir='ltr'>qui</span> <span class='ocrx_word' id='word_1_201' title='bbox 346 2972 446 3030; x_wconf 90' lang='lat' dir='ltr'>rupem</span> <span class='ocrx_word' id='word_1_202' title='bbox 460 2965 490 3012; x_wconf 88' lang='lat' dir='ltr'>et</span> <span class='ocrx_word' id='word_1_203' title='bbox 501 2966 619 3032; x_wconf 90' lang='lat' dir='ltr'>puteum</span> <span class='ocrx_word' id='word_1_204' title='bbox 634 2956 723 3013; x_wconf 80' lang='lat' dir='ltr'>vitare</span> <span class='ocrx_word' id='word_1_205' title='bbox 735 2965 890 3030; x_wconf 84' lang='lat' dir='ltr'>patentem.</span> 
     </span>
    </p>

    <p class='ocr_par' dir='ltr' id='par_1_32' title="bbox 171 3032 911 3110">
     <span class='ocr_line' id='line_1_34' title="bbox 171 3032 911 3110; baseline 0 -19"><span class='ocrx_word' id='word_1_206' title='bbox 171 3032 230 3091; x_wconf 92' lang='lat' dir='ltr'>Hic</span> <span class='ocrx_word' id='word_1_207' title='bbox 244 3033 303 3103; x_wconf 91' lang='lat' dir='ltr'>ubi,</span> <span class='ocrx_word' id='word_1_208' title='bbox 316 3045 503 3109; x_wconf 83' lang='lat' dir='ltr'>cognatorum</span> <span class='ocrx_word' id='word_1_209' title='bbox 516 3035 618 3110; x_wconf 91' lang='lat' dir='ltr'>opibus</span> <span class='ocrx_word' id='word_1_210' title='bbox 632 3034 764 3109; x_wconf 90' lang='lat' dir='ltr'>curisque</span> <span class='ocrx_word' id='word_1_211' title='bbox 777 3034 911 3107; x_wconf 87' lang='lat' dir='ltr'>refectus,</span> 
     </span>
    </p>

    <p class='ocr_par' dir='ltr' id='par_1_33' title="bbox 170 3111 862 3189">
     <span class='ocr_line' id='line_1_35' title="bbox 170 3111 862 3189; baseline 0.001 -21"><span class='ocrx_word' id='word_1_212' title='bbox 170 3111 287 3189; x_wconf 83' lang='lat' dir='ltr'>Expulit</span> <span class='ocrx_word' id='word_1_213' title='bbox 300 3112 425 3171; x_wconf 90' lang='lat' dir='ltr'>elleboro</span> <span class='ocrx_word' id='word_1_214' title='bbox 438 3112 568 3171; x_wconf 90' lang='lat' dir='ltr'>morbum</span> <span class='ocrx_word' id='word_1_215' title='bbox 581 3112 724 3188; x_wconf 88' lang='lat' dir='ltr'>bilemque</span> <span class='ocrx_word' id='word_1_216' title='bbox 737 3131 862 3185; x_wconf 85' lang='lat' dir='ltr'>meraco,</span> 
     </span>
    </p>

    <p class='ocr_par' dir='ltr' id='par_1_34' title="bbox 170 3189 891 3263">
     <span class='ocr_line' id='line_1_36' title="bbox 170 3189 891 3263; baseline -0.004 -14"><span class='ocrx_word' id='word_1_217' title='bbox 170 3189 208 3249; x_wconf 88' lang='lat' dir='ltr'>Et</span> <span class='ocrx_word' id='word_1_218' title='bbox 221 3192 295 3249; x_wconf 88' lang='lat' dir='ltr'>redit</span> <span class='ocrx_word' id='word_1_219' title='bbox 308 3192 344 3249; x_wconf 81' lang='lat' dir='ltr'>cd</span> <span class='ocrx_word' id='word_1_220' title='bbox 358 3209 436 3249; x_wconf 86' lang='lat' dir='ltr'>sese:</span> <span class='ocrx_word' id='word_1_221' title='bbox 459 3195 477 3221; x_wconf 91' lang='lat'><strong>“</strong></span> <span class='ocrx_word' id='word_1_222' title='bbox 490 3189 552 3263; x_wconf 90' lang='lat' dir='ltr'>Pol,</span> <span class='ocrx_word' id='word_1_223' title='bbox 567 3210 613 3247; x_wconf 88' lang='lat' dir='ltr'>me</span> <span class='ocrx_word' id='word_1_224' title='bbox 626 3191 781 3261; x_wconf 90' lang='lat' dir='ltr'>occidistis,</span> <span class='ocrx_word' id='word_1_225' title='bbox 796 3191 891 3262; x_wconf 84' lang='lat' dir='ltr'>amici,</span> 
     </span>
    </p>

    <p class='ocr_par' dir='ltr' id='par_1_35' title="bbox 170 3268 898 3344">
     <span class='ocr_line' id='line_1_37' title="bbox 170 3268 898 3344; baseline -0.007 -14"><span class='ocrx_word' id='word_1_226' title='bbox 170 3268 240 3331; x_wconf 90' lang='lat' dir='ltr'>Non</span> <span class='ocrx_word' id='word_1_227' title='bbox 254 3270 415 3342; x_wconf 52' lang='lat' dir='ltr'>servistis?</span> <span class='ocrx_word' id='word_1_228' title='bbox 429 3270 478 3342; x_wconf 84' lang='lat' dir='ltr'>cit,</span> <span class='ocrx_word' id='word_1_229' title='bbox 493 3274 511 3301; x_wconf 90' lang='lat'><strong>“</strong></span> <span class='ocrx_word' id='word_1_230' title='bbox 521 3269 569 3326; x_wconf 93' lang='lat' dir='ltr'>cui</span> <span class='ocrx_word' id='word_1_231' title='bbox 583 3269 625 3325; x_wconf 90' lang='lat' dir='ltr'>sic</span> <span class='ocrx_word' id='word_1_232' title='bbox 638 3278 750 3326; x_wconf 77' lang='lat' dir='ltr'>extorts</span> <span class='ocrx_word' id='word_1_233' title='bbox 762 3268 898 3344; x_wconf 80' lang='lat' dir='ltr'>voluptas,</span> 
     </span>
    </p>

    <p class='ocr_par' dir='ltr' id='par_1_36' title="bbox 170 3347 914 3504">
     <span class='ocr_line' id='line_1_38' title="bbox 170 3347 914 3426; baseline 0 -20"><span class='ocrx_word' id='word_1_234' title='bbox 170 3348 209 3407; x_wconf 87' lang='lat' dir='ltr'>Et</span> <span class='ocrx_word' id='word_1_235' title='bbox 221 3350 353 3426; x_wconf 88' lang='lat' dir='ltr'>demptus</span> <span class='ocrx_word' id='word_1_236' title='bbox 366 3369 417 3425; x_wconf 89' lang='lat' dir='ltr'>per</span> <span class='ocrx_word' id='word_1_237' title='bbox 430 3348 486 3405; x_wconf 87' lang='lat' dir='ltr'>vim</span> <span class='ocrx_word' id='word_1_238' title='bbox 500 3347 604 3406; x_wconf 88' lang='lat' dir='ltr'>mentis</span> <span class='ocrx_word' id='word_1_239' title='bbox 617 3347 794 3424; x_wconf 80' lang='lat' dir='ltr'>gratissimus</span> <span class='ocrx_word' id='word_1_240' title='bbox 807 3349 914 3406; x_wconf 89' lang='lat' dir='ltr'>error.&#39;&#39;</span> 
     </span>
     <span class='ocr_line' id='line_1_39' title="bbox 209 3426 850 3504; baseline -0.002 -19"><span class='ocrx_word' id='word_1_241' title='bbox 209 3427 357 3486; x_wconf 90' lang='lat' dir='ltr'>Nimirum</span> <span class='ocrx_word' id='word_1_242' title='bbox 370 3446 470 3504; x_wconf 85' lang='lat' dir='ltr'>sapere</span> <span class='ocrx_word' id='word_1_243' title='bbox 484 3437 527 3485; x_wconf 91' lang='lat' dir='ltr'>est</span> <span class='ocrx_word' id='word_1_244' title='bbox 541 3426 660 3503; x_wconf 83' lang='lat' dir='ltr'>abjectis</span> <span class='ocrx_word' id='word_1_245' title='bbox 673 3426 742 3497; x_wconf 82' lang='lat' dir='ltr'>utile</span> <span class='ocrx_word' id='word_1_246' title='bbox 756 3427 850 3503; x_wconf 84' lang='lat' dir='ltr'>nugis,</span> 
     </span>
    </p>

    <p class='ocr_par' dir='ltr' id='par_1_37' title="bbox 170 3506 834 3584">
     <span class='ocr_line' id='line_1_40' title="bbox 170 3506 834 3584; baseline -0.005 -19"><span class='ocrx_word' id='word_1_247' title='bbox 170 3506 209 3565; x_wconf 89' lang='lat' dir='ltr'>Et</span> <span class='ocrx_word' id='word_1_248' title='bbox 221 3507 420 3584; x_wconf 82' lang='lat' dir='ltr'>tempestivum</span> <span class='ocrx_word' id='word_1_249' title='bbox 433 3507 530 3583; x_wconf 92' lang='lat' dir='ltr'>pueris</span> <span class='ocrx_word' id='word_1_250' title='bbox 543 3506 703 3564; x_wconf 88' lang='lat' dir='ltr'>concedere</span> <span class='ocrx_word' id='word_1_251' title='bbox 717 3507 815 3563; x_wconf 91' lang='lat' dir='ltr'>ludum</span> <span class='ocrx_word' id='word_1_252' title='bbox 826 3527 834 3577; x_wconf 95' lang='lat'>;</span> 
     </span>
    </p>

    <p class='ocr_par' dir='ltr' id='par_1_38' title="bbox 170 3585 922 3662">
     <span class='ocr_line' id='line_1_41' title="bbox 170 3585 922 3662; baseline 0 -18"><span class='ocrx_word' id='word_1_253' title='bbox 170 3587 217 3644; x_wconf 84' lang='lat' dir='ltr'>Ac</span> <span class='ocrx_word' id='word_1_254' title='bbox 230 3606 289 3645; x_wconf 90' lang='lat' dir='ltr'>non</span> <span class='ocrx_word' id='word_1_255' title='bbox 303 3587 389 3645; x_wconf 83' lang='lat' dir='ltr'>verbe</span> <span class='ocrx_word' id='word_1_256' title='bbox 403 3586 482 3662; x_wconf 80' lang='lat' dir='ltr'>sequi</span> <span class='ocrx_word' id='word_1_257' title='bbox 497 3586 600 3644; x_wconf 92' lang='lat' dir='ltr'>lidibus</span> <span class='ocrx_word' id='word_1_258' title='bbox 614 3585 788 3643; x_wconf 84' lang='lat' dir='ltr'>modulanda</span> <span class='ocrx_word' id='word_1_259' title='bbox 801 3585 922 3660; x_wconf 81' lang='lat' dir='ltr'>Latinis,</span> 
     </span>
    </p>

    <p class='ocr_par' dir='ltr' id='par_1_39' title="bbox 170 3664 916 3741">
     <span class='ocr_line' id='line_1_42' title="bbox 170 3664 916 3741; baseline 0.001 -18"><span class='ocrx_word' id='word_1_260' title='bbox 170 3666 229 3723; x_wconf 86' lang='lat' dir='ltr'>Sed</span> <span class='ocrx_word' id='word_1_261' title='bbox 243 3684 316 3724; x_wconf 83' lang='lat' dir='ltr'>verae</span> <span class='ocrx_word' id='word_1_262' title='bbox 330 3684 521 3741; x_wconf 87' lang='lat' dir='ltr'>numerosque</span> <span class='ocrx_word' id='word_1_263' title='bbox 535 3664 688 3741; x_wconf 85' lang='lat' dir='ltr'>modosque</span> <span class='ocrx_word' id='word_1_264' title='bbox 703 3666 830 3723; x_wconf 90' lang='lat' dir='ltr'>ediscere</span> <span class='ocrx_word' id='word_1_265' title='bbox 844 3666 916 3724; x_wconf 84' lang='lat' dir='ltr'>vitae.</span> 
     </span>
    </p>

    <p class='ocr_par' dir='ltr' id='par_1_40' title="bbox 169 3744 983 3820">
     <span class='ocr_line' id='line_1_43' title="bbox 169 3744 983 3820; baseline -0.004 -13"><span class='ocrx_word' id='word_1_266' title='bbox 169 3744 319 3807; x_wconf 82' lang='lat' dir='ltr'>Quocirca</span> <span class='ocrx_word' id='word_1_267' title='bbox 331 3764 447 3803; x_wconf 88' lang='lat' dir='ltr'>mecum</span> <span class='ocrx_word' id='word_1_268' title='bbox 460 3745 557 3820; x_wconf 91' lang='lat' dir='ltr'>loquor</span> <span class='ocrx_word' id='word_1_269' title='bbox 571 3745 644 3816; x_wconf 85' lang='lat' dir='ltr'>haec,</span> <span class='ocrx_word' id='word_1_270' title='bbox 659 3744 818 3819; x_wconf 79' lang='lat' dir='ltr'>tacitusque</span> <span class='ocrx_word' id='word_1_271' title='bbox 832 3746 983 3805; x_wconf 85' lang='lat' dir='ltr'>recordor:</span> 
     </span>
    </p>

    <p class='ocr_par' dir='ltr' id='par_1_41' title="bbox 169 3823 830 3900">
     <span class='ocr_line' id='line_1_44' title="bbox 169 3823 830 3900; baseline -0.002 -19"><span class='ocrx_word' id='word_1_272' title='bbox 169 3827 189 3855; x_wconf 89' lang='lat'>“</span> <span class='ocrx_word' id='word_1_273' title='bbox 204 3824 237 3881; x_wconf 86' lang='lat' dir='ltr'>Si</span> <span class='ocrx_word' id='word_1_274' title='bbox 250 3824 303 3883; x_wconf 89' lang='lat' dir='ltr'>tibi</span> <span class='ocrx_word' id='word_1_275' title='bbox 316 3825 395 3883; x_wconf 84' lang='lat' dir='ltr'>nulle</span> <span class='ocrx_word' id='word_1_276' title='bbox 408 3824 484 3881; x_wconf 89' lang='lat' dir='ltr'>sitim</span> <span class='ocrx_word' id='word_1_277' title='bbox 495 3823 588 3881; x_wconf 86' lang='lat' dir='ltr'>liniret</span> <span class='ocrx_word' id='word_1_278' title='bbox 601 3823 685 3899; x_wconf 80' lang='lat' dir='ltr'>copia</span> <span class='ocrx_word' id='word_1_279' title='bbox 698 3824 830 3900; x_wconf 82' lang='lat' dir='ltr'>lymphae,</span> 
     </span>
    </p>

    <p class='ocr_par' dir='ltr' id='par_1_42' title="bbox 169 3900 904 3979">
     <span class='ocr_line' id='line_1_45' title="bbox 169 3900 904 3979; baseline 0 -19"><span class='ocrx_word' id='word_1_280' title='bbox 169 3900 309 3962; x_wconf 82' lang='lat' dir='ltr'>Narrares</span> <span class='ocrx_word' id='word_1_281' title='bbox 322 3903 458 3962; x_wconf 89' lang='lat' dir='ltr'>medicis:</span> <span class='ocrx_word' id='word_1_282' title='bbox 479 3900 557 3978; x_wconf 80' lang='lat' dir='ltr'>qubd</span> <span class='ocrx_word' id='word_1_283' title='bbox 571 3900 679 3978; x_wconf 72' lang='lat' dir='ltr'>quenti)</span> <span class='ocrx_word' id='word_1_284' title='bbox 693 3903 776 3979; x_wconf 80' lang='lat' dir='ltr'>plura</span> <span class='ocrx_word' id='word_1_285' title='bbox 788 3902 904 3979; x_wconf 63' lang='lat' dir='ltr'>persisti,</span> 
     </span>
    </p>
   </div>
   <div class='ocr_carea' id='block_1_3' title="bbox 0 0 1314 4442">
    <p class='ocr_par' dir='ltr' id='par_1_43' title="bbox 0 0 1314 4442">
     <span class='ocr_line' id='line_1_46' title="bbox 0 0 1314 4442; baseline 0 0"><span class='ocrx_word' id='word_1_286' title='bbox 0 0 1314 4442; x_wconf 95' lang='lat' dir='ltr'> </span> 
     </span>
    </p>
   </div>
  </div>
 </body>
</html>
