2617 4442
411 376 618 427 SATIRARUM
635 377 702 425 LIB.
720 378 755 426 11.
774 380 797 427 2.

142 522 300 582 Miscueris
313 520 397 593 elixa,
412 520 495 580 simul
511 521 662 597 conchylia
675 522 780 592 turdis;

142 602 252 661 Dulcia
265 621 296 659 se
310 602 340 657 iu
355 602 441 657 bilem
455 612 573 673 vertent,
588 602 791 678 stomachoque
804 603 959 662 tumultum

142 682 240 741 Lenta
253 682 325 739 ieret
337 680 446 755 pituita.
482 680 572 737 Vides
586 690 618 737 ut
630 681 754 757 pallidus
767 682 860 740 omnis
1058 686 1098 743 75

142 762 237 819 Ooent
251 761 385 835 desurgat
399 759 486 816 dubit
498 761 509 816 1
540 759 623 821 Quin
638 780 741 836 corpus
755 773 890 819 onustum

143 840 296 897 Hesteruis
310 838 383 895 vitiis
396 838 524 896 animum
537 858 648 916 quoque
661 850 819 916 praegravat
831 841 901 914 unt,

144 922 241 993 Atque
255 918 354 993 affligit
364 918 453 974 humo
467 918 570 975 divinae
584 919 754 994 particulam
768 938 852 978 aure.

144 999 237 1069 Alter,
253 998 302 1054 ubi
315 997 393 1054 dioto
407 994 492 1054 citids
506 1009 605 1055 curata
619 999 712 1075 sopori

145 1076 279 1135 Membra
292 1076 381 1148 dedit,
395 1088 512 1151 vegetus
525 1078 690 1153 praescripta
703 1078 739 1134 ad
753 1079 854 1136 munia
867 1079 965 1156 surgit.
1058 1078 1099 1137 80

145 1156 205 1214 Hic
219 1166 315 1214 tamen
329 1156 366 1212 ad
380 1155 482 1212 melius
494 1156 596 1232 poterit
610 1166 804 1215 transcurrere
817 1160 979 1234 quondam:

147 1238 215 1294 Sive
229 1236 306 1292 diem
317 1235 420 1291 festum
433 1235 547 1292 rediens
561 1236 712 1294 adduxerit
724 1255 817 1294 annus
824 1258 832 1308 ;

146 1314 206 1373 Seu
220 1332 349 1371 recreare
364 1314 437 1371 volet
451 1324 598 1372 tenuatum
612 1334 716 1391 corpus
724 1335 732 1385 ;
753 1315 858 1392 ubique

145 1395 299 1451 Accedent
312 1393 390 1465 anni,
405 1404 435 1451 et
448 1394 563 1451 tractari
576 1391 690 1452 mollids
704 1406 773 1452 etas

146 1473 295 1531 Imbecilla
308 1473 389 1530 volet.
418 1472 487 1530 Tibi
501 1474 636 1548 quidnam
650 1475 771 1532 accedet
784 1475 821 1531 ad
834 1474 918 1533 istam
1059 1474 1099 1533 85

143 1553 246 1615 Quam
258 1571 329 1629 puer
342 1562 372 1609 et
384 1551 494 1608 validus
507 1553 655 1629 praesumis
669 1553 825 1625 mollitiem,
840 1572 892 1611 seu

144 1632 228 1690 Dura
242 1631 371 1689 valetudo
384 1631 525 1703 inciderit,
540 1650 594 1699 seu,
605 1633 685 1689 tarda
698 1634 852 1690 senectus?

188 1711 353 1768 Rancidum
368 1729 468 1785 aprum
484 1710 591 1786 antiqui
605 1711 779 1768 laudabant:
800 1731 859 1769 non
872 1712 940 1789 quia
952 1730 1040 1770 nasus

145 1790 209 1847 Illis
223 1790 317 1847 nullus
328 1800 397 1860 erat,
412 1790 473 1861 sed,
487 1791 583 1862 credo,
599 1791 654 1847 haic
668 1801 774 1863 mente,
788 1789 865 1867 qudd
877 1793 979 1869 hospes

145 1868 275 1927 Tardius
289 1870 442 1926 adveniens
456 1870 583 1927 vitiatum
597 1867 786 1943 commodius,
800 1869 886 1946 qudm
1057 1873 1098 1930 90

144 1948 296 2025 Integrum
306 1949 379 2005 edax
392 1948 533 2021 dominus,
548 1959 737 2008 consumeret.
774 1950 836 2008 Hos
849 1951 957 2009 utinam
972 1952 1045 2011 inter

145 2028 258 2086 Heroas
271 2039 370 2084 uatum
380 2028 463 2085 tellus
477 2048 522 2085 me
535 2029 626 2106 prima
640 2029 767 2086 tulisset!

185 2107 246 2164 Das
260 2107 364 2183 aliquid
379 2108 470 2179 famae,
483 2126 546 2182 quae
560 2108 687 2165 carmine
701 2108 805 2184 gratior
818 2128 916 2167 aurem

144 2184 279 2262 Occupat
293 2188 466 2243 humanam?
499 2187 631 2243 Grandes
644 2188 755 2246 rhombi
769 2189 930 2265 patinaeque

147 2266 266 2323 Grande
281 2266 375 2322 ferunt
388 2266 448 2322 und
462 2284 529 2322 cum
543 2267 649 2324 damno
662 2267 806 2323 dedecus:
827 2268 900 2325 adde
990 2298 995 2305 ·
1058 2268 1098 2325 95

145 2344 256 2403 Iratum
269 2356 410 2420 patruum,
426 2344 544 2416 vicinos,
560 2355 586 2401 te
600 2344 652 2401 tibi
667 2345 806 2419 iniquum,

146 2424 186 2482 Et
201 2423 303 2481 frustrd
318 2423 417 2481 mortis
431 2423 576 2498 cupidum,
591 2442 679 2498 quum
690 2424 781 2482 deerit
794 2424 890 2501 egenti

145 2505 200 2576 As,
214 2504 305 2579 laquei
319 2502 450 2579 pretium.
487 2506 505 2531 “
517 2501 535 2558 J
538 2504 615 2574 ure‚’'
632 2504 732 2578 inquit,
754 2510 773 2535 ‘⁴
785 2503 926 2562 Trausius
939 2504 1000 2563 istis

146 2582 165 2640 J
168 2593 284 2660 urgatur
297 2581 406 2639 verbis:
428 2600 482 2657 ego
496 2581 646 2658 vectigalia
659 2600 764 2660 magna

146 2662 323 2737 Divitiasque
337 2661 428 2719 habeo
442 2661 531 2719 tribus
546 2662 654 2738 amplas
668 2663 812 2739 regibus.’'
841 2662 927 2740 Ergo,
1042 2665 1098 2722 100

144 2742 236 2804 Quod
250 2752 372 2817 superat,
386 2760 444 2798 non
458 2752 501 2797 est
515 2740 618 2799 melids
631 2761 688 2817 quo
703 2740 848 2799 insumere
860 2744 972 2819 possisi

146 2822 208 2879 Cur
221 2832 287 2897 eget
300 2820 435 2896 indignus
448 2819 606 2896 quisquam,
617 2832 646 2878 te
661 2822 766 2879 divite?
800 2821 901 2883 Quare

146 2899 271 2976 Templa
284 2911 372 2956 ruunt
385 2899 500 2974 antiqua
515 2900 621 2958 derimi
655 2900 726 2974 Cur,
741 2901 878 2977 improbe,
892 2920 966 2959 carae

145 2979 216 3037 Non
230 2979 335 3054 aliquid
349 2979 445 3055 patriae
460 2989 538 3037 tanto
552 2980 678 3037 emetiris
691 2982 812 3038 acervoi

145 3059 205 3116 Uni
219 3059 352 3116 nimirum
366 3058 418 3114 tibi
433 3056 510 3115 recte
525 3078 636 3136 semper
651 3072 736 3117 erunt
749 3061 814 3116 1111
1043 3060 1099 3117 105

145 3139 175 3195 Ο
189 3156 310 3214 magnus
323 3139 441 3213 posthac
455 3137 579 3194 inimicis
593 3137 685 3195 risus!
706 3138 814 3195 Uterne

145 3218 194 3275 Ad
208 3236 292 3273 casus
305 3216 405 3273 dubios
419 3216 487 3273 fidet
500 3217 553 3274 sibi
567 3214 693 3285 certibs3
715 3217 763 3273 hic
776 3216 824 3291 qui

145 3296 281 3353 Pluribus
295 3293 416 3353 assuerit
429 3307 555 3353 mentem
568 3314 727 3371 corpusque
741 3294 912 3371 superbum3

102 3410 112 3417 -
144 3377 194 3432 An
209 3375 267 3450 qui,
281 3385 432 3432 contentus
446 3394 532 3452 parvo
546 3385 734 3449 metuensque
748 3372 845 3446 futuri,

145 3454 182 3511 111
196 3473 277 3531 pace,
293 3464 324 3510 ut
338 3454 461 3532 sapiens,
476 3454 580 3530 apttirit
594 3454 698 3511 idonea
712 3452 805 3511 bellot
1044 3452 1097 3512 110

182 3530 255 3596 nuo
269 3530 360 3609 magis
375 3534 419 3591 his
430 3535 546 3603 credas;
568 3552 639 3610 puer
652 3533 732 3591 hunc
745 3552 799 3609 ego
811 3552 914 3610 parvus
926 3530 1055 3592 Ofellum

143 3611 269 3689 Integris
282 3613 382 3688 opibus
395 3613 461 3671 novi
475 3632 533 3670 non
548 3612 634 3670 latids
648 3616 742 3685 usum,

141 3690 243 3755 (tunm
257 3709 336 3749 nunc
349 3692 459 3749 accisis.
495 3691 602 3749 Videas
616 3702 722 3750 metato
736 3692 766 3749 in
778 3692 870 3767 agello

143 3772 220 3829 Cum
233 3790 336 3847 pecore
351 3782 380 3828 et
393 3770 487 3847 gnatis
501 3770 601 3828 sortem
615 3772 749 3828 mercede
764 3771 907 3843 colonum,

142 3856 160 3882 ‘⁴
173 3850 243 3908 Non
254 3851 335 3926 ego,''
351 3859 523 3921 narrantem,
538 3853 556 3880 “
567 3846 675 3907 temere
690 3849 737 3907 edi
748 3850 812 3907 luce
825 3851 949 3927 profesti
1044 3854 1101 3911 115

140 3930 322 4005 Quidquam,
336 3940 437 4005 preter
451 3928 524 4003 olus,
540 3928 657 3986 fumosae
671 3947 738 3986 cum
751 3930 824 4004 pede
837 3948 941 4005 pernae.
