2617 4442
532 325 673 378 amnon
690 326 804 378 LIBER.

330 468 413 534 Quid
426 468 528 532 attinet
540 479 582 530 tot
593 489 644 530 ora
657 471 773 532 navium
786 473 866 550 gravi

488 549 626 608 Rostrata
638 551 707 610 duci
720 553 848 628 pondere

331 626 439 688 Contra
451 629 576 691 latrones
589 639 674 706 atque
687 631 818 690 servilem
832 650 961 707 manum,

487 707 565 782 Hoc,
578 709 634 768 boc
647 709 763 769 tribuno
775 710 919 770 militumi

597 1023 685 1086 ODE
702 1025 739 1085 V.

469 1163 503 1202 IN
517 1161 669 1202 GAMDIAM
682 1162 868 1205 variantem.

330 1268 349 1296 “
357 1265 417 1338 Aa,
430 1283 449 1325 o
462 1264 580 1322 deorum
594 1263 732 1341 quidquid
746 1265 776 1323 in
790 1265 864 1326 ooelo
877 1266 951 1342 regit

487 1342 595 1402 Terras
608 1354 638 1402 et
651 1345 810 1403 humanum
823 1346 931 1422 genus!

328 1422 411 1486 Quid
425 1423 478 1481 iste
492 1423 545 1482 sert
558 1424 719 1482 tumultnsi
739 1435 769 1482 et
781 1425 850 1500 quid
862 1424 993 1484 omnium

489 1501 594 1560 Vultus
607 1502 637 1560 in
651 1521 743 1560 unum
755 1522 803 1560 me
816 1505 933 1562 trucest

329 1581 386 1642 Per
398 1581 502 1642 liberos
515 1591 554 1653 te,
568 1581 593 1638 si
607 1592 707 1639 vocata
719 1582 857 1658 partubus

490 1659 604 1720 Lucina
616 1661 690 1718 veris
703 1661 803 1733 adfuit,

329 1741 385 1799 Per
398 1742 454 1799 hoc
467 1739 554 1798 inane
567 1759 700 1817 purpuras
714 1741 814 1813 decus,
828 1759 938 1817 precor,

487 1819 543 1877 Per
557 1820 780 1896 improbaturum
795 1821 857 1878 haeo
871 1820 982 1895 Jovem,

329 1899 410 1963 Quid
424 1909 456 1957 ut
469 1918 592 1958 noverca
605 1918 651 1957 me
665 1899 794 1972 intueris,
808 1910 858 1958 aut
871 1897 915 1959 nti

486 1979 580 2038 Petita
594 1979 667 2038 serro
682 1979 813 2037 bellnat”

329 2059 368 2118 Ut
381 2060 444 2117 haec
457 2058 590 2116 trementi
603 2069 721 2134 questus
734 2078 794 2131 ore,
808 2059 936 2118 constitit

488 2137 653 2214 Insignibus
666 2138 754 2214 raptis
766 2157 848 2214 puer,

328 2217 450 2296 Impube
463 2237 576 2294 oorpns,
589 2217 673 2292 quale
686 2229 781 2293 posset
795 2217 882 2292 impia

488 2295 602 2353 Mollire
615 2295 766 2354 Thracum
778 2308 911 2372 pectora;

330 2375 464 2448 Canidia,
478 2374 610 2432 brevibus
624 2373 769 2448 implicata
779 2374 882 2450 viperis

489 2451 593 2511 Crines
606 2462 636 2510 et
648 2452 825 2528 incomptum
840 2463 936 2529 capnt,

330 2534 349 2593 J
351 2535 419 2594 ubet
433 2531 573 2610 sepulcris
587 2530 736 2609 caprificos
748 2543 854 2605 erutas,

487 2610 506 2669 J
508 2611 575 2670 ubet
589 2629 740 2688 cupressos
753 2612 897 2684 funebres,

328 2694 367 2754 Et
380 2703 470 2756 uncta.
481 2691 637 2770 turpisova
650 2711 727 2749 ranas
742 2692 892 2768 sangnine,

485 2770 672 2845 Plumaruque
685 2783 834 2829 nocturna
847 2771 952 2848 strigis,

328 2852 497 2927 Herbasque
511 2869 580 2925 quas
595 2849 688 2908 Iolcos
703 2863 787 2925 atque
801 2850 897 2910 Iberia

409 2959 411 2966 ·
487 2928 576 2990 Mittit
589 2949 764 2988 venenorum
778 2931 866 3002 ferax,

329 3011 367 3069 Et
380 3029 444 3069 ossa
458 3010 494 3068 ab
507 3028 555 3067 ora
570 3020 650 3086 rapta
661 3009 767 3085 jejunae
781 3011 872 3082 canis,

485 3087 621 3148 Flanunis
635 3089 717 3146 aduri
731 3088 886 3147 Colchicis.

328 3170 370 3229 At
382 3169 513 3246 expedita
527 3169 652 3243 Sagana,
666 3187 717 3242 per
730 3179 819 3226 totam
833 3168 952 3225 domam

488 3247 633 3323 Spargens
647 3245 807 3302 Avemalea
820 3264 918 3320 aquas,

328 3327 435 3386 Horret
449 3326 560 3402 capillis
574 3334 606 3381 ut
618 3323 747 3402 marinus
760 3325 868 3399 asperis

488 3404 628 3476 Echinus,
643 3414 693 3460 aut
706 3421 825 3461 currens
838 3422 914 3481 aper.

328 3487 443 3546 Abacta
456 3482 536 3541 nullia
550 3482 624 3540 Veia
637 3483 819 3542 conscientia

486 3561 645 3639 Ligonibus
659 3563 738 3620 duris
752 3564 871 3621 humum

329 3641 533 3715 Exhauriebat,
548 3643 699 3718 ingemens
711 3643 873 3714 laboribns;

486 3719 557 3785 Qud
572 3732 668 3798 posset
681 3722 806 3781 infossus
818 3741 890 3798 puer

327 3803 429 3880 Longo
443 3801 490 3860 die
505 3801 548 3859 bis
561 3812 661 3877 terque
675 3812 790 3860 mutate
803 3802 885 3879 dapis

485 3879 610 3940 lnemori
624 3881 804 3958 speetacnio;
