2617 4442
475 360 506 416 Q.
523 359 671 410 HORATll
688 365 813 416 nuncet

300 499 357 558 Irae
371 501 519 577 Thyesten
534 503 621 562 exitio
634 505 714 579 gravi

301 579 451 651 Stravdre3
472 593 500 640 et
514 583 578 640 altis
592 585 710 645 urbibus
723 588 830 647 ultimae

379 659 491 719 Stetere
506 681 600 720 causae
614 683 666 724 cur
679 668 806 742 perirent

458 740 610 815 Funditus
625 745 855 824 imprimeretque
868 753 958 813 muris
1094 760 1135 818 20

298 818 410 878 Hostile
425 830 548 878 aratrum
562 825 704 882 exercitus
718 827 851 887 insolens.

298 897 457 975 Compesce
471 912 605 958 mentem.
647 904 698 962 Me
712 925 823 982 quoque
836 913 961 987 pectoris

377 977 513 1036 Tentavit
526 981 556 1037 in
571 982 648 1041 dulci
660 984 779 1060 juventii

457 1058 572 1132 Feruor,
587 1063 660 1120 etin
674 1065 784 1123 celeres
797 1067 906 1130 iambos

297 1135 377 1194 Misit
391 1137 548 1196 furentem:
570 1160 648 1199 nunc
663 1163 717 1219 ego
731 1147 847 1205 mitibus

295 1213 410 1274 Mutare
425 1236 520 1294 quaero
533 1219 633 1293 tristia,
648 1223 717 1280 dum
731 1226 802 1283 mihi

376 1295 442 1354 Fies
456 1300 609 1356 recantatis
623 1302 717 1359 amica

451 1374 629 1454 Opprobriis,
644 1382 828 1461 animumque
842 1387 950 1447 reddas

482 1561 786 1580 ———.——-

545 1695 630 1754 ODE
650 1697 718 1757 XV.

493 1830 534 1869 An
555 1833 768 1874 TYNDARIDEM.

284 1930 392 1989 Venox
406 1940 549 1988 amoenum
564 1929 639 2008 saepd
654 1933 828 1994 Lucretilem

289 2009 385 2068 Mutat
398 2009 502 2084 Lycaeo
517 2010 644 2085 Fauiana,
659 2025 689 2071 et
702 2015 817 2091 igneam

369 2089 506 2147 Defendit
521 2102 646 2149 aestatem
660 2096 777 2170 capellis

446 2168 542 2245 Usque
553 2172 634 2244 meis,
649 2172 814 2252 pluviosque
829 2190 935 2238 ventos.

286 2244 410 2325 Impune
425 2258 516 2307 tutum
531 2271 580 2326 per
595 2271 697 2310 nemus
711 2256 825 2314 arbutos
918 2293 932 2312 1

286 2327 431 2390 Quaerunt
444 2328 564 2388 latentes
578 2340 606 2387 et
620 2333 718 2408 thyma
731 2335 820 2394 deviae

366 2406 480 2466 Olentis
494 2429 595 2468 uxores
610 2412 721 2483 mariti3

443 2486 473 2543 N
475 2507 509 2545 ec
523 2489 626 2545 virides
640 2503 772 2550 metuunt
787 2494 927 2570 colubras,

285 2564 352 2622 Nec
366 2563 513 2622 Martiales
528 2567 663 2624 haeduleae
677 2569 776 2644 lupos;

283 2643 435 2719 Utcunque
450 2645 537 2717 dulci,
553 2645 692 2722 Tyndari,
707 2649 802 2708 fistula

361 2723 458 2781 Valles
471 2735 500 2782 et
514 2725 618 2783 Usticae
633 2728 764 2785 cubantis

442 2802 530 2862 Levia
543 2805 717 2880 personuere
732 2828 808 2866 saxa.

277 2880 315 2938 Di
330 2901 376 2939 me
390 2893 522 2940 tuentur:
544 2884 588 2941 dis
602 2886 693 2960 pietas
707 2907 772 2944 mea

281 2961 320 3019 Et
333 2960 419 3018 Musa
432 2963 511 3020 cordi
525 2974 575 3020 est.
617 2965 678 3022 Hic
691 2967 742 3024 tibi
756 2969 839 3045 copia

360 3039 491 3099 Manebit
505 3043 541 3098 ad
555 3043 672 3118 plenum
687 3046 811 3123 benigno
1078 3060 1114 3118 15

437 3120 527 3178 Ruris
541 3124 681 3180 honorum
694 3127 829 3202 opulenta
842 3149 941 3190 cornu.

279 3197 340 3256 Ilio
354 3199 384 3258 in
398 3200 517 3258 reducti
532 3202 601 3259 valle
616 3203 764 3263 Caniculae

278 3279 392 3338 vitabis
406 3292 506 3351 aestus;
528 3292 557 3338 et
570 3282 625 3340 fide
639 3283 718 3342 Teia

356 3359 445 3417 Dices
459 3360 617 3419 laborantes
632 3363 661 3420 in
675 3383 733 3422 uno

435 3438 598 3516 Penelopen
613 3442 786 3521 vitreamque
800 3446 915 3508 Circen.

280 3515 337 3575 llic
350 3517 511 3576 innocentis
524 3520 626 3595 pocula
640 3521 737 3581 Lesbii

275 3595 373 3654 Duces
386 3598 439 3654 sub
454 3599 571 3656 umbra:
594 3618 649 3656 nec
664 3603 823 3663 Semeleius

355 3676 430 3734 Cum
445 3675 538 3735 Marte
554 3679 712 3738 confundet
725 3682 884 3759 Thyoneus

432 3756 551 3830 Proelia3
566 3778 622 3816 nec
635 3771 747 3818 metues
759 3775 910 3838 protervos.
