2617 4442
523 330 724 382 CARMINUM
741 330 808 381 LIB.
825 332 852 381 11

395 473 501 532 Vultu:
521 475 589 550 quid
604 475 717 533 aeternis
730 474 870 534 minorem

432 553 566 612 Consiliis
580 555 714 612 animum.
722 555 844 631 fatigasl

352 632 413 691 Cur
425 653 484 691 non
498 635 552 691 sub
566 634 623 691 alta
636 634 682 692 vel
696 634 810 710 platano
822 633 866 692 vel
881 631 938 692 hac

352 713 428 770 Piuu
439 712 569 788 jacentes
583 713 625 771 sic
638 710 759 785 temere,
773 724 803 771 et
816 712 881 772 rosit
928 744 931 752 ·

392 792 489 850 Canos
502 793 612 851 odorati
625 792 753 868 capillos,

418 871 510 936 ¹Durn
523 871 600 944 licet,
614 871 790 947 Assyriaque
800 873 891 930 nardo

354 951 490 1009 Potamus
503 951 584 1008 uncti
595 953 607 1008 l
641 949 768 1027 Dissipat
781 951 871 1009 Evius

354 1030 575 1089 Curasedaces.
609 1029 687 1092 uuis
699 1049 770 1106 puer
784 1028 867 1088 ooilrs

371 1125 373 1129 ·
393 1109 569 1186 Restinguet
582 1109 707 1169 ardentis
721 1109 837 1169 Falerni

433 1189 541 1247 Pocula
553 1200 743 1266 praetereunte
756 1190 890 1267 lympha?

613 1507 699 1566 ODE
716 1505 775 1567 IX.

505 1615 507 1620 ’
566 1644 606 1682 An
621 1618 829 1685 mandanarum.

355 1745 386 1803 N
388 1765 452 1802 onrs
465 1745 551 1821 longa
562 1745 628 1802 ferae
642 1745 717 1803 bella
729 1745 760 1803 N
762 1746 906 1819 umantiae,

355 1823 421 1882 Nec
435 1825 538 1882 durum
552 1823 756 1898 Hannibalem,
769 1845 825 1883 neo
840 1827 970 1884 Siculum
984 1843 1063 1883 mare

356 1903 445 1962 Poeno
458 1922 632 1980 purpureum
653 1907 804 1982 sanguine,
819 1905 952 1964 mollibus

514 1983 614 2059 Aptari
628 1983 850 2043 citharaemodis
858 2005 866 2056 ;

356 2062 421 2120 Nec
435 2081 524 2120 saevos
537 2063 683 2139 Lapithas,
697 2074 726 2121 et
736 2065 857 2122 nimium
868 2084 947 2123 mero

357 2143 507 2217 Hylaeum3
530 2142 686 2201 domitosve
701 2143 848 2201 Herculea
861 2163 949 2200 manu

357 2221 484 2278 Telluris
495 2221 624 2297 juveneS,
638 2222 717 2278 unde
729 2222 890 2298 periculum

516 2298 644 2374 Fulgens
659 2301 831 2358 contremuit
844 2301 946 2358 domus

359 2377 477 2436 Saturni
491 2378 601 2434 veteris.
636 2377 743 2450 Tuque
756 2379 935 2455 pedestribus

359 2457 448 2515 Dices
462 2456 586 2514 historiis
598 2456 698 2552 proelia
712 2457 844 2530 Caesaris,

358 2535 515 2608 Maecenas,
530 2536 642 2608 meliuS,
658 2537 801 2611 ductaque
814 2556 865 2613 per
879 2537 938 2595 vias

515 2615 633 2691 Regum
648 2616 722 2672 colla
735 2616 914 2675 minantium.

357 2694 407 2754 Me
422 2695 520 2754 dulces
534 2696 658 2764 dominre
672 2695 758 2752 Musa
771 2696 929 2772 Licymniae

360 2775 480 2848 Cantus
494 2794 541 2832 me
555 2774 643 2832 voluit
656 2775 752 2832 dieere
765 2773 896 2833 lucidlrrn

358 2854 514 2931 Fulgentes
527 2854 636 2926 oculos,
650 2866 679 2912 et
693 2855 767 2912 bene
780 2855 889 2912 mutuis

514 2932 621 2990 Fidum
636 2945 737 3010 pectus
750 2934 909 2991 amoribus:

356 3013 454 3074 Quam
468 3031 523 3070 nec
538 3013 611 3070 ferre
624 3014 727 3090 pedem
741 3013 877 3070 dedecuit
890 3013 995 3085 choris,

358 3091 387 3148 N
390 3112 424 3151 eo
438 3103 547 3150 certare
558 3092 634 3168 joco,
648 3110 705 3149 nee
717 3093 784 3149 dare
798 3091 917 3148 brachia

357 3172 519 3229 Ludeutem
533 3171 631 3228 nitidis
645 3171 811 3244 virginibus,
825 3188 908 3227 sacro

517 3249 619 3305 Dianae
633 3248 754 3304 celebris
767 3250 823 3304 die.
1006 3279 1008 3283 ,
1156 3250 1197 3307 20

357 3325 438 3384 Num
452 3339 493 3399 tu,
507 3346 570 3402 quae
584 3325 677 3384 tenuit
691 3327 768 3382 dives
781 3327 983 3401 Achaemenes,

358 3407 420 3464 Aut
433 3407 548 3482 pinguis
562 3405 693 3481 Phrygia
707 3404 878 3482 Mygdonias
891 3425 970 3483 opes,

357 3486 524 3546 Permutare
538 3486 608 3544 velis
622 3486 701 3543 crine
715 3485 883 3562 Licymniae,
1061 3484 1071 3501 ‘

437 3643 481 3704 3·
517 3565 620 3625 Plenas
634 3576 683 3623 aut
698 3566 829 3624 Arabum
849 3567 967 3626 domosl
