<?xml version="1.0" encoding="UTF-8"?>
<!DOCTYPE html PUBLIC "-//W3C//DTD XHTML 1.0 Transitional//EN"
    "http://www.w3.org/TR/xhtml1/DTD/xhtml1-transitional.dtd">
<html xmlns="http://www.w3.org/1999/xhtml" xml:lang="en" lang="en">
 <head>
  <title>
</title>
<meta http-equiv="Content-Type" content="text/html;charset=utf-8" />
  <meta name='ocr-system' content='tesseract 3.04.00' />
  <meta name='ocr-capabilities' content='ocr_page ocr_carea ocr_par ocr_line ocrx_word'/>
</head>
<body>
  <div class='ocr_page' id='page_1' title='image "./opera03horagoog_0063.png"; bbox 0 0 2617 4442; ppageno 0'>
   <div class='ocr_carea' id='block_1_1' title="bbox 452 327 804 379">
    <p class='ocr_par' dir='ltr' id='par_1_1' title="bbox 452 327 804 379">
     <span class='ocr_line' id='line_1_1' title="bbox 452 327 804 379; baseline 0 0"><span class='ocrx_word' id='word_1_1' title='bbox 452 328 653 379; x_wconf 85' lang='lat' dir='ltr'><strong>CARMINUM</strong></span> <span class='ocrx_word' id='word_1_2' title='bbox 670 327 737 376; x_wconf 87' lang='lat' dir='ltr'><strong>LIB.</strong></span> <span class='ocrx_word' id='word_1_3' title='bbox 754 330 804 379; x_wconf 89' lang='lat'>111.</span> 
     </span>
    </p>
   </div>
   <div class='ocr_carea' id='block_1_2' title="bbox 288 470 818 1261">
    <p class='ocr_par' dir='ltr' id='par_1_2' title="bbox 288 470 818 1261">
     <span class='ocr_line' id='line_1_2' title="bbox 327 470 796 532; baseline -0.004 -1"><span class='ocrx_word' id='word_1_4' title='bbox 327 473 389 532; x_wconf 87' lang='lat' dir='ltr'><strong>Aut</strong></span> <span class='ocrx_word' id='word_1_5' title='bbox 402 471 505 530; x_wconf 89' lang='lat' dir='ltr'><strong>crescit</strong></span> <span class='ocrx_word' id='word_1_6' title='bbox 518 470 640 528; x_wconf 87' lang='lat' dir='ltr'><strong>Albanis</strong></span> <span class='ocrx_word' id='word_1_7' title='bbox 654 470 685 528; x_wconf 93' lang='lat' dir='ltr'><strong>in</strong></span> <span class='ocrx_word' id='word_1_8' title='bbox 699 471 796 530; x_wconf 81' lang='lat' dir='ltr'>herbis</span> 
     </span>
     <span class='ocr_line' id='line_1_3' title="bbox 365 550 811 627; baseline 0 -18"><span class='ocrx_word' id='word_1_9' title='bbox 365 551 499 623; x_wconf 85' lang='lat' dir='ltr'>Victima,</span> <span class='ocrx_word' id='word_1_10' title='bbox 514 550 682 627; x_wconf 92' lang='lat' dir='ltr'><strong>pontificum</strong></span> <span class='ocrx_word' id='word_1_11' title='bbox 696 570 811 609; x_wconf 84' lang='lat' dir='ltr'><strong>secures</strong></span> 
     </span>
     <span class='ocr_line' id='line_1_4' title="bbox 288 629 804 706; baseline -0.004 -16"><span class='ocrx_word' id='word_1_12' title='bbox 288 632 407 690; x_wconf 84' lang='lat' dir='ltr'><strong>Cervrce</strong></span> <span class='ocrx_word' id='word_1_13' title='bbox 420 631 520 706; x_wconf 88' lang='lat' dir='ltr'><strong>tinget.</strong></span> <span class='ocrx_word' id='word_1_14' title='bbox 555 629 610 698; x_wconf 77' lang='lat' dir='ltr'><strong>Te,</strong></span> <span class='ocrx_word' id='word_1_15' title='bbox 616 630 689 687; x_wconf 92' lang='lat' dir='ltr'><strong>nihil</strong></span> <span class='ocrx_word' id='word_1_16' title='bbox 702 630 804 688; x_wconf 81' lang='lat' dir='ltr'><strong>attinet</strong></span> 
     </span>
     <span class='ocr_line' id='line_1_5' title="bbox 288 709 788 770; baseline -0.008 0"><span class='ocrx_word' id='word_1_17' title='bbox 288 711 415 770; x_wconf 85' lang='lat' dir='ltr'><strong>Tentare</strong></span> <span class='ocrx_word' id='word_1_18' title='bbox 429 710 519 767; x_wconf 72' lang='lat' dir='ltr'><strong>malui</strong></span> <span class='ocrx_word' id='word_1_19' title='bbox 533 709 612 766; x_wconf 82' lang='lat' dir='ltr'><strong>caede</strong></span> <span class='ocrx_word' id='word_1_20' title='bbox 627 709 788 767; x_wconf 88' lang='lat' dir='ltr'><strong>bidentium</strong></span> 
     </span>
     <span class='ocr_line' id='line_1_6' title="bbox 327 789 757 848; baseline -0.009 0"><span class='ocrx_word' id='word_1_21' title='bbox 327 790 433 848; x_wconf 86' lang='lat' dir='ltr'>Parvos</span> <span class='ocrx_word' id='word_1_22' title='bbox 446 799 631 847; x_wconf 79' lang='lat' dir='ltr'><strong>coronantem</strong></span> <span class='ocrx_word' id='word_1_23' title='bbox 644 789 757 845; x_wconf 90' lang='lat' dir='ltr'><strong>marino</strong></span> 
     </span>
     <span class='ocr_line' id='line_1_7' title="bbox 367 867 818 943; baseline -0.002 -17"><span class='ocrx_word' id='word_1_24' title='bbox 367 868 447 926; x_wconf 88' lang='lat' dir='ltr'><strong>Rore</strong></span> <span class='ocrx_word' id='word_1_25' title='bbox 461 868 541 941; x_wconf 90' lang='lat' dir='ltr'><strong>deos,</strong></span> <span class='ocrx_word' id='word_1_26' title='bbox 557 867 703 943; x_wconf 84' lang='lat' dir='ltr'><strong>fragilique</strong></span> <span class='ocrx_word' id='word_1_27' title='bbox 717 876 818 942; x_wconf 77' lang='lat' dir='ltr'><strong>myrto,</strong></span> 
     </span>
     <span class='ocr_line' id='line_1_8' title="bbox 289 946 794 1022; baseline -0.002 -18"><span class='ocrx_word' id='word_1_28' title='bbox 289 947 430 1005; x_wconf 90' lang='lat' dir='ltr'><strong>Immanis</strong></span> <span class='ocrx_word' id='word_1_29' title='bbox 444 967 522 1004; x_wconf 91' lang='lat' dir='ltr'><strong>aram</strong></span> <span class='ocrx_word' id='word_1_30' title='bbox 536 948 561 1004; x_wconf 87' lang='lat' dir='ltr'><strong>si</strong></span> <span class='ocrx_word' id='word_1_31' title='bbox 575 946 669 1022; x_wconf 91' lang='lat' dir='ltr'><strong>tetigit</strong></span> <span class='ocrx_word' id='word_1_32' title='bbox 682 964 794 1018; x_wconf 89' lang='lat' dir='ltr'><strong>manus,</strong></span> 
     </span>
     <span class='ocr_line' id='line_1_9' title="bbox 289 1026 798 1102; baseline -0.006 -17"><span class='ocrx_word' id='word_1_33' title='bbox 289 1026 357 1085; x_wconf 92' lang='lat' dir='ltr'><strong>Non</strong></span> <span class='ocrx_word' id='word_1_34' title='bbox 371 1026 536 1102; x_wconf 72' lang='lat' dir='ltr'><strong>sumptuosa</strong></span> <span class='ocrx_word' id='word_1_35' title='bbox 551 1026 680 1083; x_wconf 89' lang='lat' dir='ltr'><strong>blandior</strong></span> <span class='ocrx_word' id='word_1_36' title='bbox 694 1026 798 1099; x_wconf 69' lang='lat' dir='ltr'><strong>hostib,</strong></span> 
     </span>
     <span class='ocr_line' id='line_1_10' title="bbox 329 1104 714 1172; baseline -0.005 -9"><span class='ocrx_word' id='word_1_37' title='bbox 329 1105 451 1163; x_wconf 90' lang='lat' dir='ltr'><strong>Mollivit</strong></span> <span class='ocrx_word' id='word_1_38' title='bbox 464 1125 576 1162; x_wconf 89' lang='lat' dir='ltr'><strong>aversos</strong></span> <span class='ocrx_word' id='word_1_39' title='bbox 589 1104 714 1172; x_wconf 88' lang='lat' dir='ltr'><strong>Penates</strong></span> 
     </span>
     <span class='ocr_line' id='line_1_11' title="bbox 369 1182 785 1261; baseline -0.005 -19"><span class='ocrx_word' id='word_1_40' title='bbox 369 1184 456 1243; x_wconf 87' lang='lat' dir='ltr'><strong>Farre</strong></span> <span class='ocrx_word' id='word_1_41' title='bbox 469 1184 516 1261; x_wconf 94' lang='lat' dir='ltr'><strong>pio</strong></span> <span class='ocrx_word' id='word_1_42' title='bbox 526 1195 555 1242; x_wconf 90' lang='lat' dir='ltr'><strong>et</strong></span> <span class='ocrx_word' id='word_1_43' title='bbox 569 1184 687 1241; x_wconf 81' lang='lat' dir='ltr'><strong>saliente</strong></span> <span class='ocrx_word' id='word_1_44' title='bbox 701 1182 785 1241; x_wconf 77' lang='lat' dir='ltr'><strong>micd.</strong></span> 
     </span>
    </p>
   </div>
   <div class='ocr_carea' id='block_1_3' title="bbox 470 1499 790 1675">
    <p class='ocr_par' dir='ltr' id='par_1_3' title="bbox 470 1499 790 1675">
     <span class='ocr_line' id='line_1_12' title="bbox 521 1499 737 1558; baseline -0.009 0"><span class='ocrx_word' id='word_1_45' title='bbox 521 1500 606 1558; x_wconf 84' lang='lat' dir='ltr'><strong>ODE</strong></span> <span class='ocrx_word' id='word_1_46' title='bbox 619 1499 737 1558; x_wconf 91' lang='lat' dir='ltr'><strong>XVIII.</strong></span> 
     </span>
     <span class='ocr_line' id='line_1_13' title="bbox 470 1635 790 1675; baseline -0.003 0"><span class='ocrx_word' id='word_1_47' title='bbox 470 1637 504 1675; x_wconf 77' lang='lat' dir='ltr'><strong>nr</strong></span> <span class='ocrx_word' id='word_1_48' title='bbox 525 1636 645 1675; x_wconf 81' lang='lat' dir='ltr'><strong>nrvmns</strong></span> <span class='ocrx_word' id='word_1_49' title='bbox 666 1635 790 1674; x_wconf 77' lang='lat' dir='ltr'><strong>aranos.</strong></span> 
     </span>
    </p>
   </div>
   <div class='ocr_carea' id='block_1_4' title="bbox 214 1736 941 3876">
    <p class='ocr_par' dir='ltr' id='par_1_4' title="bbox 214 1736 941 3876">
     <span class='ocr_line' id='line_1_14' title="bbox 410 1736 730 1813; baseline 0 -19"><span class='ocrx_word' id='word_1_50' title='bbox 410 1736 556 1794; x_wconf 79' lang='lat' dir='ltr'><strong>Innaorrs</strong></span> <span class='ocrx_word' id='word_1_51' title='bbox 570 1736 730 1813; x_wconf 87' lang='lat' dir='ltr'><strong>opulentior</strong></span> 
     </span>
     <span class='ocr_line' id='line_1_15' title="bbox 250 1814 819 1890; baseline -0.007 -13"><span class='ocrx_word' id='word_1_52' title='bbox 250 1816 409 1876; x_wconf 88' lang='lat' dir='ltr'><strong>Thesauris</strong></span> <span class='ocrx_word' id='word_1_53' title='bbox 423 1817 552 1874; x_wconf 87' lang='lat' dir='ltr'><strong>Arabum</strong></span> <span class='ocrx_word' id='word_1_54' title='bbox 566 1826 595 1875; x_wconf 90' lang='lat' dir='ltr'><strong>et</strong></span> <span class='ocrx_word' id='word_1_55' title='bbox 608 1815 703 1874; x_wconf 88' lang='lat' dir='ltr'><strong>divitis</strong></span> <span class='ocrx_word' id='word_1_56' title='bbox 716 1814 819 1890; x_wconf 72' lang='lat' dir='ltr'><strong>India,</strong></span> 
     </span>
     <span class='ocr_line' id='line_1_16' title="bbox 410 1895 785 1972; baseline -0.005 -18"><span class='ocrx_word' id='word_1_57' title='bbox 410 1895 566 1954; x_wconf 81' lang='lat' dir='ltr'><strong>Oaementis</strong></span> <span class='ocrx_word' id='word_1_58' title='bbox 580 1896 647 1954; x_wconf 90' lang='lat' dir='ltr'><strong>licet</strong></span> <span class='ocrx_word' id='word_1_59' title='bbox 660 1914 785 1972; x_wconf 80' lang='lat' dir='ltr'><strong>occupes</strong></span> 
     </span>
     <span class='ocr_line' id='line_1_17' title="bbox 250 1972 925 2053; baseline -0.004 -19"><span class='ocrx_word' id='word_1_60' title='bbox 250 1975 433 2053; x_wconf 87' lang='lat' dir='ltr'><strong>Tyrrhenum</strong></span> <span class='ocrx_word' id='word_1_61' title='bbox 446 1994 532 2036; x_wconf 91' lang='lat' dir='ltr'><strong>omne</strong></span> <span class='ocrx_word' id='word_1_62' title='bbox 546 1974 602 2033; x_wconf 87' lang='lat' dir='ltr'><strong>tuis</strong></span> <span class='ocrx_word' id='word_1_63' title='bbox 615 1984 644 2032; x_wconf 90' lang='lat' dir='ltr'><strong>et</strong></span> <span class='ocrx_word' id='word_1_64' title='bbox 657 1981 735 2033; x_wconf 91' lang='lat' dir='ltr'><strong>mare&#39;</strong></span> <span class='ocrx_word' id='word_1_65' title='bbox 750 1972 925 2052; x_wconf 76' lang='lat' dir='ltr'><strong>Apulicum3</strong></span> 
     </span>
     <span class='ocr_line' id='line_1_18' title="bbox 409 2055 729 2132; baseline -0.003 -19"><span class='ocrx_word' id='word_1_66' title='bbox 409 2055 441 2113; x_wconf 87' lang='lat' dir='ltr'><strong>Si</strong></span> <span class='ocrx_word' id='word_1_67' title='bbox 454 2055 517 2132; x_wconf 86' lang='lat' dir='ltr'><strong>figit</strong></span> <span class='ocrx_word' id='word_1_68' title='bbox 530 2055 729 2112; x_wconf 88' lang='lat' dir='ltr'><strong>adamantinos</strong></span> 
     </span>
     <span class='ocr_line' id='line_1_19' title="bbox 252 2133 799 2193; baseline -0.005 0"><span class='ocrx_word' id='word_1_69' title='bbox 252 2134 378 2193; x_wconf 88' lang='lat' dir='ltr'><strong>Summis</strong></span> <span class='ocrx_word' id='word_1_70' title='bbox 390 2134 544 2192; x_wconf 88' lang='lat' dir='ltr'><strong>verticibus</strong></span> <span class='ocrx_word' id='word_1_71' title='bbox 557 2134 619 2191; x_wconf 89' lang='lat' dir='ltr'><strong>dira</strong></span> <span class='ocrx_word' id='word_1_72' title='bbox 632 2133 799 2192; x_wconf 83' lang='lat' dir='ltr'><strong>Necessitas</strong></span> 
     </span>
     <span class='ocr_line' id='line_1_20' title="bbox 410 2213 841 2285; baseline -0.002 -15"><span class='ocrx_word' id='word_1_73' title='bbox 410 2214 523 2285; x_wconf 79' lang='lat' dir='ltr'><strong>Clarae,</strong></span> <span class='ocrx_word' id='word_1_74' title='bbox 537 2232 595 2271; x_wconf 92' lang='lat' dir='ltr'><strong>non</strong></span> <span class='ocrx_word' id='word_1_75' title='bbox 610 2213 737 2270; x_wconf 88' lang='lat' dir='ltr'><strong>animum</strong></span> <span class='ocrx_word' id='word_1_76' title='bbox 752 2220 841 2284; x_wconf 91' lang='lat' dir='ltr'><strong>metu,</strong></span> 
     </span>
     <span class='ocr_line' id='line_1_21' title="bbox 251 2292 809 2367; baseline -0.004 -17"><span class='ocrx_word' id='word_1_77' title='bbox 251 2292 319 2352; x_wconf 91' lang='lat' dir='ltr'><strong>Non</strong></span> <span class='ocrx_word' id='word_1_78' title='bbox 333 2293 432 2351; x_wconf 90' lang='lat' dir='ltr'><strong>mortis</strong></span> <span class='ocrx_word' id='word_1_79' title='bbox 445 2293 553 2367; x_wconf 89' lang='lat' dir='ltr'><strong>laqueis</strong></span> <span class='ocrx_word' id='word_1_80' title='bbox 567 2292 701 2366; x_wconf 87' lang='lat' dir='ltr'><strong>expedies</strong></span> <span class='ocrx_word' id='word_1_81' title='bbox 715 2300 809 2366; x_wconf 88' lang='lat' dir='ltr'><strong>caput.</strong></span> 
     </span>
     <span class='ocr_line' id='line_1_22' title="bbox 411 2367 849 2446; baseline -0.007 -19"><span class='ocrx_word' id='word_1_82' title='bbox 411 2371 594 2446; x_wconf 85' lang='lat' dir='ltr'><strong>Campestres</strong></span> <span class='ocrx_word' id='word_1_83' title='bbox 607 2367 710 2427; x_wconf 76' lang='lat' dir='ltr'><strong>melius</strong></span> <span class='ocrx_word' id='word_1_84' title='bbox 725 2369 849 2444; x_wconf 79' lang='lat' dir='ltr'><strong>Scythae,</strong></span> 
     </span>
     <span class='ocr_line' id='line_1_23' title="bbox 248 2445 941 2527; baseline -0.009 -15"><span class='ocrx_word' id='word_1_85' title='bbox 248 2452 384 2514; x_wconf 80' lang='lat' dir='ltr'><strong>Quorum</strong></span> <span class='ocrx_word' id='word_1_86' title='bbox 398 2451 524 2527; x_wconf 87' lang='lat' dir='ltr'><strong>plaustra</strong></span> <span class='ocrx_word' id='word_1_87' title='bbox 537 2467 621 2524; x_wconf 90' lang='lat' dir='ltr'><strong>vagas</strong></span> <span class='ocrx_word' id='word_1_88' title='bbox 635 2445 689 2505; x_wconf 70' lang='lat' dir='ltr'><strong>rite</strong></span> <span class='ocrx_word' id='word_1_89' title='bbox 704 2448 819 2506; x_wconf 90' lang='lat' dir='ltr'><strong>trahunt</strong></span> <span class='ocrx_word' id='word_1_90' title='bbox 832 2446 941 2521; x_wconf 83' lang='lat' dir='ltr'><strong>domos,</strong></span> 
     </span>
     <span class='ocr_line' id='line_1_24' title="bbox 411 2527 782 2604; baseline -0.005 -16"><span class='ocrx_word' id='word_1_91' title='bbox 411 2529 529 2601; x_wconf 90' lang='lat' dir='ltr'><strong>Vivunt,</strong></span> <span class='ocrx_word' id='word_1_92' title='bbox 544 2538 572 2585; x_wconf 97' lang='lat' dir='ltr'><strong>et</strong></span> <span class='ocrx_word' id='word_1_93' title='bbox 585 2527 669 2604; x_wconf 84' lang='lat' dir='ltr'><strong>rigidi</strong></span> <span class='ocrx_word' id='word_1_94' title='bbox 683 2527 782 2599; x_wconf 84' lang='lat' dir='ltr'><strong>Getae;</strong></span> 
     </span>
     <span class='ocr_line' id='line_1_25' title="bbox 250 2608 747 2685; baseline -0.008 -17"><span class='ocrx_word' id='word_1_95' title='bbox 250 2609 402 2668; x_wconf 86' lang='lat' dir='ltr'><strong>Immetata</strong></span> <span class='ocrx_word' id='word_1_96' title='bbox 415 2608 518 2683; x_wconf 89' lang='lat' dir='ltr'><strong>quibus</strong></span> <span class='ocrx_word' id='word_1_97' title='bbox 529 2608 630 2685; x_wconf 89' lang='lat' dir='ltr'><strong>jugera</strong></span> <span class='ocrx_word' id='word_1_98' title='bbox 643 2608 747 2665; x_wconf 88' lang='lat' dir='ltr'><strong>liberas</strong></span> 
     </span>
     <span class='ocr_line' id='line_1_26' title="bbox 409 2687 831 2764; baseline 0.002 -20"><span class='ocrx_word' id='word_1_99' title='bbox 409 2688 520 2764; x_wconf 86' lang='lat' dir='ltr'><strong>Fruges</strong></span> <span class='ocrx_word' id='word_1_100' title='bbox 533 2699 562 2745; x_wconf 91' lang='lat' dir='ltr'><strong>et</strong></span> <span class='ocrx_word' id='word_1_101' title='bbox 576 2687 712 2745; x_wconf 87' lang='lat' dir='ltr'><strong>Cererem</strong></span> <span class='ocrx_word' id='word_1_102' title='bbox 726 2687 831 2761; x_wconf 83' lang='lat' dir='ltr'><strong>serunt,</strong></span> 
     </span>
     <span class='ocr_line' id='line_1_27' title="bbox 252 2766 798 2844; baseline -0.005 -17"><span class='ocrx_word' id='word_1_103' title='bbox 252 2767 317 2827; x_wconf 92' lang='lat' dir='ltr'><strong>Nec</strong></span> <span class='ocrx_word' id='word_1_104' title='bbox 330 2767 441 2825; x_wconf 88' lang='lat' dir='ltr'><strong>cultura</strong></span> <span class='ocrx_word' id='word_1_105' title='bbox 454 2768 548 2844; x_wconf 88' lang='lat' dir='ltr'><strong>placet</strong></span> <span class='ocrx_word' id='word_1_106' title='bbox 560 2767 671 2844; x_wconf 87' lang='lat' dir='ltr'><strong>longior</strong></span> <span class='ocrx_word' id='word_1_107' title='bbox 685 2766 798 2837; x_wconf 74' lang='lat' dir='ltr'><strong>annub3</strong></span> 
     </span>
     <span class='ocr_line' id='line_1_28' title="bbox 410 2846 800 2922; baseline -0.003 -17"><span class='ocrx_word' id='word_1_108' title='bbox 410 2847 642 2922; x_wconf 75' lang='lat' dir='ltr'><strong>Defunctumque</strong></span> <span class='ocrx_word' id='word_1_109' title='bbox 656 2846 800 2904; x_wconf 87' lang='lat' dir='ltr'><strong>laboribus</strong></span> 
     </span>
     <span class='ocr_line' id='line_1_29' title="bbox 253 2926 722 3003; baseline -0.004 -18"><span class='ocrx_word' id='word_1_110' title='bbox 253 2926 367 3003; x_wconf 86' lang='lat' dir='ltr'><strong>AEquali</strong></span> <span class='ocrx_word' id='word_1_111' title='bbox 381 2937 491 2984; x_wconf 89' lang='lat' dir='ltr'><strong>recreat</strong></span> <span class='ocrx_word' id='word_1_112' title='bbox 504 2940 578 2984; x_wconf 89' lang='lat' dir='ltr'><strong>sorte</strong></span> <span class='ocrx_word' id='word_1_113' title='bbox 591 2927 722 2984; x_wconf 81' lang='lat' dir='ltr'><strong>vicarius.</strong></span> 
     </span>
     <span class='ocr_line' id='line_1_30' title="bbox 411 3005 757 3064; baseline -0.003 -1"><span class='ocrx_word' id='word_1_114' title='bbox 411 3005 475 3063; x_wconf 93' lang='lat' dir='ltr'><strong>Illic</strong></span> <span class='ocrx_word' id='word_1_115' title='bbox 489 3018 578 3064; x_wconf 86' lang='lat' dir='ltr'><strong>matre</strong></span> <span class='ocrx_word' id='word_1_116' title='bbox 593 3005 757 3063; x_wconf 87' lang='lat' dir='ltr'><strong>carentibus</strong></span> 
     </span>
     <span class='ocr_line' id='line_1_31' title="bbox 252 3085 829 3163; baseline 0 -19"><span class='ocrx_word' id='word_1_117' title='bbox 252 3085 393 3163; x_wconf 89' lang='lat' dir='ltr'><strong>Privignis</strong></span> <span class='ocrx_word' id='word_1_118' title='bbox 406 3085 508 3144; x_wconf 87' lang='lat' dir='ltr'><strong>mulier</strong></span> <span class='ocrx_word' id='word_1_119' title='bbox 521 3096 661 3162; x_wconf 87' lang='lat' dir='ltr'><strong>temperat</strong></span> <span class='ocrx_word' id='word_1_120' title='bbox 673 3085 829 3158; x_wconf 82' lang='lat' dir='ltr'><strong>innocens3</strong></span> 
     </span>
     <span class='ocr_line' id='line_1_32' title="bbox 411 3163 780 3240; baseline -0.003 -17"><span class='ocrx_word' id='word_1_121' title='bbox 411 3163 441 3222; x_wconf 96' lang='lat' dir='ltr'><strong>N</strong></span> <span class='ocrx_word' id='word_1_122' title='bbox 443 3185 477 3223; x_wconf 92' lang='lat' dir='ltr'><strong>ec</strong></span> <span class='ocrx_word' id='word_1_123' title='bbox 491 3166 587 3223; x_wconf 82' lang='lat' dir='ltr'><strong>dotata</strong></span> <span class='ocrx_word' id='word_1_124' title='bbox 600 3165 675 3240; x_wconf 88' lang='lat' dir='ltr'><strong>regit</strong></span> <span class='ocrx_word' id='word_1_125' title='bbox 687 3165 780 3222; x_wconf 86' lang='lat' dir='ltr'><strong>virum</strong></span> 
     </span>
     <span class='ocr_line' id='line_1_33' title="bbox 252 3241 785 3322; baseline -0.011 -19"><span class='ocrx_word' id='word_1_126' title='bbox 252 3243 376 3322; x_wconf 83' lang='lat' dir='ltr'><strong>Conjux,</strong></span> <span class='ocrx_word' id='word_1_127' title='bbox 389 3263 445 3302; x_wconf 88' lang='lat' dir='ltr'><strong>nec</strong></span> <span class='ocrx_word' id='word_1_128' title='bbox 458 3245 549 3303; x_wconf 93' lang='lat' dir='ltr'><strong>nitido</strong></span> <span class='ocrx_word' id='word_1_129' title='bbox 562 3242 624 3299; x_wconf 88' lang='lat' dir='ltr'><strong>fidit</strong></span> <span class='ocrx_word' id='word_1_130' title='bbox 638 3241 785 3299; x_wconf 85' lang='lat' dir='ltr'><strong>adultero:</strong></span> 
     </span>
     <span class='ocr_line' id='line_1_34' title="bbox 214 3319 821 3396; baseline -0.01 -13"><span class='ocrx_word' id='word_1_131' title='bbox 214 3372 220 3396; x_wconf 71' lang='grc'>,</span> <span class='ocrx_word' id='word_1_132' title='bbox 411 3323 472 3381; x_wconf 90' lang='lat' dir='ltr'><strong>Dos</strong></span> <span class='ocrx_word' id='word_1_133' title='bbox 486 3333 529 3380; x_wconf 88' lang='lat' dir='ltr'><strong>est</strong></span> <span class='ocrx_word' id='word_1_134' title='bbox 543 3339 647 3396; x_wconf 87' lang='lat' dir='ltr'><strong>magna</strong></span> <span class='ocrx_word' id='word_1_135' title='bbox 660 3319 821 3396; x_wconf 90' lang='lat' dir='ltr'><strong>parentium</strong></span> 
     </span>
     <span class='ocr_line' id='line_1_35' title="bbox 260 3398 752 3475; baseline -0.012 -13"><span class='ocrx_word' id='word_1_136' title='bbox 260 3401 369 3475; x_wconf 86' lang='lat' dir='ltr'><strong>Virtus,</strong></span> <span class='ocrx_word' id='word_1_137' title='bbox 382 3412 412 3460; x_wconf 89' lang='lat' dir='ltr'><strong>et</strong></span> <span class='ocrx_word' id='word_1_138' title='bbox 425 3412 557 3460; x_wconf 85' lang='lat' dir='ltr'><strong>metuens</strong></span> <span class='ocrx_word' id='word_1_139' title='bbox 571 3399 687 3457; x_wconf 88' lang='lat' dir='ltr'><strong>alterius</strong></span> <span class='ocrx_word' id='word_1_140' title='bbox 699 3398 752 3456; x_wconf 85' lang='lat' dir='ltr'><strong>viri</strong></span> 
     </span>
     <span class='ocr_line' id='line_1_36' title="bbox 411 3479 757 3553; baseline -0.006 -15"><span class='ocrx_word' id='word_1_141' title='bbox 411 3481 499 3538; x_wconf 89' lang='lat' dir='ltr'><strong>Certo</strong></span> <span class='ocrx_word' id='word_1_142' title='bbox 513 3479 620 3538; x_wconf 85' lang='lat' dir='ltr'><strong>foedere</strong></span> <span class='ocrx_word' id='word_1_143' title='bbox 632 3479 757 3553; x_wconf 88' lang='lat' dir='ltr'><strong>castitas,</strong></span> 
     </span>
     <span class='ocr_line' id='line_1_37' title="bbox 253 3556 841 3639; baseline -0.007 -19"><span class='ocrx_word' id='word_1_144' title='bbox 253 3558 291 3620; x_wconf 80' lang='lat' dir='ltr'><strong>Et</strong></span> <span class='ocrx_word' id='word_1_145' title='bbox 304 3580 425 3639; x_wconf 86' lang='lat' dir='ltr'><strong>peccare</strong></span> <span class='ocrx_word' id='word_1_146' title='bbox 440 3560 530 3631; x_wconf 88' lang='lat' dir='ltr'><strong>nesas,</strong></span> <span class='ocrx_word' id='word_1_147' title='bbox 545 3571 594 3617; x_wconf 90' lang='lat' dir='ltr'><strong>ant</strong></span> <span class='ocrx_word' id='word_1_148' title='bbox 605 3559 729 3635; x_wconf 87' lang='lat' dir='ltr'><strong>pretium</strong></span> <span class='ocrx_word' id='word_1_149' title='bbox 743 3556 841 3617; x_wconf 85' lang='lat' dir='ltr'><strong>emori.</strong></span> 
     </span>
     <span class='ocr_line' id='line_1_38' title="bbox 411 3638 782 3716; baseline -0.003 -19"><span class='ocrx_word' id='word_1_150' title='bbox 411 3639 440 3697; x_wconf 91' lang='grc' dir='ltr'><strong>Ο</strong></span> <span class='ocrx_word' id='word_1_151' title='bbox 454 3639 579 3714; x_wconf 86' lang='lat' dir='ltr'><strong>quisquis</strong></span> <span class='ocrx_word' id='word_1_152' title='bbox 592 3638 668 3697; x_wconf 84' lang='lat' dir='ltr'><strong>volet</strong></span> <span class='ocrx_word' id='word_1_153' title='bbox 681 3639 782 3716; x_wconf 88' lang='lat' dir='ltr'><strong>impias</strong></span> 
     </span>
     <span class='ocr_line' id='line_1_39' title="bbox 252 3719 789 3793; baseline -0.007 -14"><span class='ocrx_word' id='word_1_154' title='bbox 252 3719 366 3793; x_wconf 74' lang='lat' dir='ltr'><strong>Gades,</strong></span> <span class='ocrx_word' id='word_1_155' title='bbox 381 3730 410 3779; x_wconf 85' lang='lat' dir='ltr'><strong>et</strong></span> <span class='ocrx_word' id='word_1_156' title='bbox 423 3719 531 3778; x_wconf 87' lang='lat' dir='ltr'><strong>rabiem</strong></span> <span class='ocrx_word' id='word_1_157' title='bbox 545 3719 643 3777; x_wconf 87' lang='lat' dir='ltr'><strong>tollere</strong></span> <span class='ocrx_word' id='word_1_158' title='bbox 657 3719 789 3790; x_wconf 90' lang='lat' dir='ltr'><strong>civicam,</strong></span> 
     </span>
     <span class='ocr_line' id='line_1_40' title="bbox 414 3798 784 3876; baseline -0.014 -18"><span class='ocrx_word' id='word_1_159' title='bbox 414 3801 445 3858; x_wconf 87' lang='lat' dir='ltr'><strong>Si</strong></span> <span class='ocrx_word' id='word_1_160' title='bbox 459 3809 565 3876; x_wconf 82' lang='lat' dir='ltr'><strong>quaeret</strong></span> <span class='ocrx_word' id='word_1_161' title='bbox 577 3809 657 3876; x_wconf 87' lang='lat' dir='ltr'><strong>pater</strong></span> <span class='ocrx_word' id='word_1_162' title='bbox 671 3798 784 3856; x_wconf 90' lang='lat' dir='ltr'><strong>urbium</strong></span> 
     </span>
    </p>
   </div>
   <div class='ocr_carea' id='block_1_5' title="bbox 254 3876 825 4016">
    <p class='ocr_par' dir='ltr' id='par_1_5' title="bbox 254 3876 825 4016">
     <span class='ocr_line' id='line_1_41' title="bbox 254 3876 825 4016; baseline -0.007 -78"><span class='ocrx_word' id='word_1_163' title='bbox 254 3879 526 4016; x_wconf 49' lang='lat' dir='ltr'><strong>Subscril5riptatuis,</strong></span> <span class='ocrx_word' id='word_1_164' title='bbox 541 3878 707 3938; x_wconf 87' lang='lat' dir='ltr'><strong>indomitam</strong></span> <span class='ocrx_word' id='word_1_165' title='bbox 721 3876 825 3935; x_wconf 88' lang='lat' dir='ltr'><strong>audeat</strong></span> 
     </span>
    </p>
   </div>
   <div class='ocr_carea' id='block_1_6' title="bbox 0 0 1330 4442">
    <p class='ocr_par' dir='ltr' id='par_1_6' title="bbox 0 0 1330 4442">
     <span class='ocr_line' id='line_1_42' title="bbox 0 0 1330 4442; baseline 0 0"><span class='ocrx_word' id='word_1_166' title='bbox 0 0 1330 4442; x_wconf 95' lang='lat' dir='ltr'><strong> </strong></span> 
     </span>
    </p>
   </div>
  </div>
 </body>
</html>
