2617 4442
171 312 228 372 186
499 306 530 363 o.
548 304 695 354 noman
712 302 837 353 smccr

208 453 328 513 Utilium
341 450 439 509 tardus
451 449 586 526 provisor,
599 447 736 526 prodigus
749 446 823 520 seris,

210 532 356 603 Sublimis,
371 530 548 606 cupidusque
562 540 591 587 et
604 538 699 586 emata
711 526 871 602 relinquere
883 529 994 605 pernix.

211 610 363 672 Conversis
377 609 489 681 studiis,
504 619 572 665 aetas
586 608 754 682 animusque
768 606 857 663 virilis

207 691 321 753 Quaerit
333 708 402 765 opes
415 699 444 747 et
457 687 606 760 amicitias,
621 686 739 743 inservit
752 686 862 759 bonori,

208 769 394 828 commisisse
409 778 491 825 cavet
504 767 579 843 quod
593 784 660 824 mox
673 774 783 822 mutare
797 764 913 823 laboret.

208 848 302 906 Multa
315 866 414 906 senem
428 846 659 905 circumveniunt
672 844 854 901 incommoda
862 863 870 914 3
891 844 935 901 vel
949 842 1028 921 qudd

207 927 331 1001 Quaerit,
345 937 374 985 et
387 924 510 983 inventis
523 924 609 983 miser
624 924 748 982 abstinet
760 942 795 979 ac
808 924 891 981 timet
904 924 962 995 uti3

207 1007 262 1064 Vel
276 1004 353 1082 qudd
366 1024 412 1063 res
424 1023 524 1062 omnes
538 1001 637 1061 timide
652 1000 804 1079 gelideque
819 1002 969 1077 ministrat,

207 1086 327 1157 Dilator,
342 1104 392 1161 spe
406 1085 518 1159 longus,
533 1083 620 1155 iners,
636 1083 791 1156 avidusque
806 1081 902 1154 futuri,

207 1165 349 1236 Difficilis,
360 1162 505 1239 querulus,
519 1162 647 1219 laudator
662 1161 797 1237 temporis
811 1162 867 1218 acti

209 1245 247 1301 Se
261 1263 360 1319 puero,
376 1261 477 1299 censor
490 1242 699 1317 castigatorque
712 1240 865 1298 minorum.

208 1322 301 1380 Multa
315 1323 410 1379 ferunt
423 1321 490 1378 anni
504 1320 652 1377 venientes
665 1320 816 1377 commoda
831 1337 946 1390 seonm;

208 1401 301 1461 Multa
315 1402 483 1459 recedentes
496 1400 634 1458 adimunt.
676 1398 723 1456 Ne
737 1396 809 1455 forte
823 1398 928 1456 seniles

208 1480 383 1540 Mandentur
394 1479 493 1557 juveni
506 1490 610 1556 partes,
623 1496 767 1555 pueroque
780 1477 885 1550 viriles,

209 1562 327 1639 Semper
341 1562 370 1618 in
385 1560 526 1637 adjunctis
541 1576 654 1634 aevoque
669 1557 840 1615 morabimur
854 1556 936 1632 aptis.

248 1642 310 1699 Aut
323 1640 415 1717 agitur
429 1657 474 1696 res
488 1638 518 1695 in
533 1638 636 1709 scenis,
652 1646 701 1694 aut
714 1647 778 1693 acta
791 1636 927 1693 refertur:

209 1717 334 1796 Segnius
348 1718 459 1776 irritant
472 1718 582 1775 animos
596 1716 720 1773 demissa
732 1735 783 1792 per
797 1733 906 1787 aurem,

207 1798 307 1860 Qudm
321 1816 384 1872 quae
397 1807 465 1854 sunt
477 1796 569 1853 oculis
582 1795 711 1871 subjecta
724 1795 865 1866 fidelibus,
879 1806 908 1852 et
921 1813 984 1871 quae

207 1877 274 1953 Ipse
287 1876 341 1933 sibi
355 1876 440 1933 trudit
453 1885 601 1951 spectator.
642 1872 711 1932 Non
726 1886 822 1931 tamen
836 1875 913 1931 intus

207 1956 305 2033 Digna
317 1954 378 2030 geri
392 1971 505 2031 promes
518 1954 548 2011 in
563 1972 697 2033 scenpmj
718 1954 863 2049 multqque
871 1953 955 2021 tolles

208 2034 253 2093 Ex
266 2033 367 2106 oculis,
381 2051 444 2110 quse
456 2051 523 2091 mox
536 2023 632 2105 narr'fe't
646 2013 889 2168 f⁸9⁰ffff¹al³J50⁹
928 2077 934 2090 .

207 2113 255 2172 Ne
269 2132 371 2191 pueros
384 2130 479 2171 coram
494 2103 719 2191 populo'Medea
732 2100 805 2170 t'rdci
826 2122 869 2182 et;

209 2195 271 2252 Aut
285 2194 410 2251 humana
422 2189 517 2268 palem
531 2202 633 2268 coquat
646 2201 713 2249 extu
726 2192 851 2249 nefarius
864 2191 987 2261 Atreus3

208 2275 270 2332 Aut
280 2273 310 2331 in
324 2290 404 2331 avem
418 2270 531 2349 Progne
545 2282 679 2344 vertatur,
693 2270 822 2328 Cadmus
835 2270 866 2327 in
881 2289 1013 2346 anguem.

206 2353 411 2430 Quodcunque
424 2351 552 2411 ostendis
565 2350 636 2410 mihi
650 2351 703 2424 sic,
717 2351 882 2408 incredulus
895 2351 951 2407 odi.

247 2432 331 2490 Neve
343 2432 445 2503 minor,
459 2450 517 2489 neu
530 2432 567 2489 sit
579 2432 680 2509 quinto
691 2430 855 2506 productior
869 2440 934 2487 aotu

208 2511 328 2584 Fabula,
342 2530 404 2587 quse
418 2511 496 2586 posci
510 2510 569 2567 vult
578 2523 608 2568 et
621 2520 748 2587 spectate
761 2509 877 2585 reponi:

207 2588 238 2647 N
239 2608 274 2647 ec
286 2591 359 2647 deus
373 2588 493 2661 intersit,
507 2588 563 2645 nisi
576 2589 682 2665 dignus
695 2589 808 2646 vindice
822 2588 915 2646 nodus

207 2667 361 2726 Inciderit:
381 2686 437 2725 nec
450 2678 550 2743 quarta
562 2666 638 2744 loqui
651 2688 772 2744 persona
785 2668 902 2726 laboret.

246 2745 362 2804 Actoris
375 2757 469 2822 partes
482 2747 587 2805 chorus
600 2748 782 2823 officiumque
796 2748 876 2806 virile

207 2824 365 2895 Defendat3
387 2824 525 2900 neuquid
539 2826 649 2884 medios
660 2827 814 2885 intercinat
827 2836 917 2899 actus,

206 2904 295 2966 Quod
310 2923 368 2962 non
382 2904 524 2981 proposito
537 2906 682 2964 conducat
694 2917 724 2966 et
738 2908 844 2964 haereat
858 2904 940 2983 apte:

207 2982 260 3040 Ille
273 2983 355 3041 bonis
369 2982 524 3060 faveatque,
539 2995 568 3042 et
581 2986 747 3043 consilietur
761 2986 861 3043 amicis
869 3006 876 3057 ;
948 3042 952 3049 .

207 3062 245 3120 Et
258 3074 338 3140 regat
351 3062 447 3137 iratos,
461 3075 490 3122 et
504 3074 580 3122 amet
593 3082 697 3141 pacare
710 3074 872 3134 tumentes;

206 3140 260 3201 Ille
274 3143 362 3220 dapes
376 3142 473 3202 laudet
485 3162 592 3202 mensae
607 3144 715 3215 brevis3
737 3144 784 3201 ille
798 3145 941 3201 salubrem

206 3220 225 3278 J
227 3222 362 3296 ustitiam,
376 3222 519 3301 legesque,
534 3234 563 3282 et
576 3225 680 3301 apertis
692 3223 751 3281 otia
763 3223 867 3299 portis3

207 3299 261 3359 Ille
274 3311 352 3378 tegat
365 3304 526 3375 commissa,
540 3305 666 3379 deosque
679 3314 812 3379 precetur
822 3314 852 3360 et
864 3311 935 3374 oret,

206 3378 246 3437 Ut
258 3382 356 3437 redeat
368 3382 490 3452 miseris,
506 3382 589 3440 abeat
603 3382 716 3441 fortuna
731 3382 868 3458 superbis.

246 3457 334 3515 Tibia
347 3478 415 3528 non,
430 3470 461 3516 ut
475 3477 563 3531 nunc,
577 3461 722 3519 orichalco
736 3462 840 3533 vincta,
854 3459 988 3534 tubeque

205 3532 332 3609 AEmula,
346 3538 397 3594 sed
410 3537 505 3593 tenuis
518 3538 693 3615 simplexque
705 3540 844 3597 foramine
857 3556 960 3616 pauco,

205 3613 361 3689 Adspirare
375 3625 404 3671 et
418 3616 518 3672 adesse
532 3617 626 3674 choris
640 3630 702 3676 erat
714 3619 802 3691 utilis,
816 3631 901 3693 atque

205 3690 342 3750 Nondum
357 3694 446 3770 spissa
459 3692 545 3751 nimis
559 3698 703 3772 complere
717 3699 817 3755 sedilia
831 3696 910 3769 flatu,

204 3768 276 3833 Qud
290 3769 360 3831 sane
374 3774 495 3849 populus
508 3776 702 3848 numerabilis,
716 3788 812 3853 utpote
826 3795 940 3853 parvus,

205 3848 244 3907 Et
257 3849 331 3929 frugi
345 3861 495 3929 castusque
508 3854 742 3931 verecundusque
756 3856 860 3914 coibat.

1108 530 1164 589 165
