2617 4442
416 367 663 418 urrsromnutr
679 366 745 416 tra.
764 367 785 415 1.
803 369 842 416 11.
1059 358 1117 429 157

171 512 285 571 Serviet
298 507 447 583 aetemdm‚
461 510 527 586 quia
539 529 625 586 parvo
638 509 748 566 nesciet
762 509 811 566 uti.

170 592 228 649 Cui
242 610 300 649 nou
315 589 465 648 conveniet
475 607 527 646 sua
540 608 594 661 res,
609 597 641 645 ut
654 588 769 645 calceus
781 587 859 659 olim,

171 670 204 727 Si
214 670 287 746 pede
300 669 388 744 major
402 668 465 739 erit,
479 668 638 736 subvertet;
660 666 684 723 si
698 667 800 739 minor,
814 675 885 723 uret

171 748 270 805 Laetus
283 757 358 805 sorte
371 747 421 805 tuit
433 746 508 803 vives
521 746 673 821 sapienter,
688 738 796 814 A'risti;

171 827 238 883 Nec
252 845 298 883 me
313 826 438 882 dimittes
452 825 662 901 incastigatnm‚
677 824 726 880 nbi
739 824 820 899 plura
1083 822 1123 879 45

170 906 283 981 Cogere
297 902 382 979 qulam
396 900 464 961 satis
476 914 529 975 est,
544 923 578 960 ac
589 922 646 961 non
661 920 782 973 cessare,
796 901 919 961 videbor.

171 984 300 1060 Imperat
311 994 360 1040 aut
372 982 457 1039 servit
470 982 590 1039 collecta
602 981 726 1058 pecunia
740 981 852 1055 cuique,

171 1062 295 1120 Tortum
309 1061 396 1137 digna
410 1060 488 1135 sequi
502 1058 605 1137 potids,
620 1057 706 1135 qudm
721 1060 836 1129 ducere,
848 1058 953 1117 funem.

212 1140 287 1197 Haec
301 1139 351 1198 tibi
366 1139 507 1197 dictabam
521 1150 584 1216 post
597 1138 695 1195 fanum
708 1149 791 1213 putre
804 1136 944 1210 Vacunae,

172 1218 301 1296 Excepto
313 1214 390 1295 qubd
403 1237 462 1276 non
476 1217 559 1276 simul
573 1237 660 1290 esses,
674 1227 778 1273 caetera
790 1216 883 1273 letus.
1082 1215 1123 1272 50

490 1568 695 1629 EPISTOLA
711 1569 768 1629 xl.

506 1728 547 1768 AD
563 1728 746 1768 nummum.

171 1853 257 1916 an
270 1852 322 1910 tibi
335 1850 396 1909 visa
409 1849 508 1922 Chios,
522 1848 637 1920 Bullati‚
651 1857 774 1923 notaque
788 1847 916 1907 Lesbosl

171 1932 254 1993 Quid
268 1930 412 1989 concinna
425 1929 545 1988 Samosl
565 1927 633 2003 quid
646 1927 739 1985 Croesi
753 1927 832 2005 regia
846 1927 964 1985 Sardisl

173 2012 294 2085 Smyrna
307 2010 385 2087 quid,
398 2018 427 2067 et
440 2006 608 2083 Colophonl
627 2006 734 2082 majora
746 2007 892 2065 minorave
905 2006 1002 2065 famil

173 2090 344 2164 Cunctaque
357 2107 415 2164 prae
429 2087 538 2162 Campo
551 2095 580 2142 et
593 2084 734 2143 Tiberino
746 2084 864 2143 flumine
878 2086 1014 2143 sordenti

172 2169 222 2225 An
237 2166 356 2224 venitin
371 2176 466 2224 votum
480 2164 612 2223 Attalicis
626 2183 663 2221 ex
675 2164 793 2220 urbibus
805 2165 885 2222 uual
1099 2164 1119 2221 5

173 2247 223 2303 An
236 2246 384 2303 Lebedum
397 2244 507 2316 laudas,
520 2244 586 2301 odio
599 2243 686 2300 maris
698 2253 782 2316 atque
795 2242 904 2299 viarum
911 2244 965 2300 ‘l-
1076 2301 1079 2311 Λ

173 2326 238 2382 Scis
251 2324 383 2382 Lebedus
396 2322 464 2399 qnid
478 2324 528 2391 sit3
548 2321 649 2379 Gabiis
663 2321 799 2377 desertior
812 2331 897 2395 atque
1010 2327 1013 2331 “

172 2400 292 2461 Fidenis
304 2403 400 2460 vicus:
421 2413 517 2460 tamen
533 2399 592 2457 illic
605 2399 699 2455 vivere
712 2398 829 2468 vellem3

171 2482 340 2557 Oblitusque
354 2499 493 2553 meorum,
506 2478 717 2537 obliviscendus
730 2487 759 2534 et
772 2476 837 2549 illis,

171 2560 340 2637 Neptunum
354 2559 452 2636 procul
466 2578 483 2616 e
494 2558 569 2615 terri
583 2567 711 2633 spectare
725 2556 915 2613 furentem-
1084 2557 1120 2615 to

173 2640 231 2697 Sed
245 2658 338 2715 neque
351 2639 399 2714 qui
413 2637 514 2714 Capua
527 2636 652 2695 Romam
666 2635 746 2711 petit,
760 2636 850 2692 imbre
863 2635 978 2711 lutoque

172 2719 325 2794 Aspersus,
338 2717 412 2775 volet
425 2717 455 2773 in
469 2716 599 2792 cauponi
613 2714 722 2771 vivere:
743 2733 808 2787 nec,
822 2714 870 2790 qni

172 2797 275 2872 Frigus
289 2796 412 2871 collegit,
423 2795 520 2853 firmos
533 2805 562 2852 et
575 2794 677 2852 balnea
690 2793 795 2865 laudat,

172 2875 211 2933 Ut
224 2876 395 2933 fortunatam
408 2871 493 2949 plend
507 2872 669 2951 prestantia
681 2874 766 2930 vitam
779 2891 786 2928 :

171 2953 246 3026 Nec,
260 2954 326 3011 site
340 2952 450 3011 validus
461 2950 608 3028 jactaveiit
621 2953 727 3009 Auster
740 2951 771 3009 in
785 2950 851 3023 alto,
1081 2952 1118 3009 15

172 3032 285 3091 Idcirco
297 3050 398 3091 navem
411 3042 489 3089 trans
503 3030 635 3107 AEgaeum
649 3048 727 3088 mare
738 3029 852 3087 vendas.

172 3109 314 3169 incolumi
325 3110 445 3168 Rhodos
458 3121 488 3168 et
501 3107 639 3184 Mitylene
652 3108 772 3185 pulchra
785 3107 862 3179 facit,
876 3107 952 3183 quod

171 3188 288 3247 Paeuula
300 3188 428 3260 solstitio,
442 3200 598 3263 campestre
612 3186 753 3243 nivalibus
766 3185 852 3256 auris,

170 3268 226 3325 Per
240 3268 369 3325 brumam
382 3266 508 3339 Tiberis,
523 3264 623 3324 Sextili
634 3282 733 3321 mense
747 3263 884 3321 caminus.

171 3345 248 3404 Dum
261 3346 339 3419 licet,
353 3356 383 3404 et
395 3345 503 3403 vultum
517 3354 609 3401 servat
622 3341 750 3400 Fortuna
762 3340 928 3416 benignam,
1077 3342 1118 3400 20

171 3424 273 3483 Romae
287 3425 418 3483 laudetur
432 3424 543 3495 Samos,
556 3432 586 3480 et
596 3421 696 3492 Chios,
709 3430 738 3477 et
751 3419 872 3478 Rhodos
885 3420 997 3482 absens.

170 3503 230 3576 Tu,
244 3520 443 3579 quamcunque
457 3502 529 3560 deus
541 3499 593 3559 tibi
607 3499 791 3558 fortunaverit
803 3499 911 3573 horam,

169 3582 259 3641 Grati
272 3600 354 3639 sume
368 3599 472 3650 manu3
492 3597 551 3637 nen
563 3579 661 3637 dulcia
673 3578 754 3635 differ
765 3578 795 3635 in
810 3597 927 3652 anuum,

168 3660 217 3734 llt,
231 3678 401 3737 quocunque
415 3659 478 3717 loco
491 3657 586 3731 fueris,
601 3658 703 3715 vixisse
716 3657 836 3715 libenter

169 3739 216 3797 Te
229 3740 326 3797 dicas:
346 3757 414 3796 nam
427 3738 452 3795 si
465 3736 537 3796 ratio
549 3748 579 3795 et
591 3737 743 3814 prudentia
755 3755 848 3808 caras,
1077 3736 1118 3795 25

168 3816 236 3878 Non
250 3818 331 3877 locus
344 3814 428 3955 cippi
439 3813 497 3876 latd
510 3816 596 3875 maris
609 3817 723 3889 arbiter,
734 3814 825 3873 aufert
832 3834 841 3884 ;
