2617 4442
459 381 491 436 Q·
507 379 653 430 HORATII
670 381 793 431 FLAccr

403 521 472 584 Quo
484 541 543 581 non
557 523 660 582 arbiter
673 523 790 584 Iladriae

286 599 389 679 Major,
402 601 499 660 tollere
513 621 563 659 seu
576 622 683 693 ponere
695 605 754 661 vult
767 604 846 663 freta.

403 681 501 742 Quem
514 682 613 739 mortis
626 682 722 739 timuit
734 684 864 759 gradum,

285 758 383 821 Qui
361 759 445 816 siccis
458 760 548 817 oculis
561 771 687 818 monstra
699 762 837 836 natantia,

403 838 465 899 Qui
478 839 548 896 vidit
560 858 638 898 mare
651 840 807 916 turgidum,
821 850 851 899 et

286 915 412 973 infames
425 918 555 993 scopulos
569 918 804 977 Acroceraunial

405 994 604 1072 Nequidquam
619 997 699 1055 Deus
712 998 833 1056 abscidit

286 1073 415 1131 Prudens
428 1072 547 1132 Oceano
561 1077 733 1134 dissociabili

401 1152 518 1227 Terrae,
533 1155 556 1211 si
570 1165 666 1212 tamen
679 1155 773 1231 impiae

285 1229 353 1288 Non
367 1232 510 1307 tangenda
523 1243 597 1290 rates
610 1234 772 1292 transiliunt
785 1234 864 1292 vada.

403 1311 507 1367 Audax
521 1312 616 1368 omnia
630 1312 739 1388 perpeti

284 1387 365 1446 Gens
379 1389 503 1446 humana
516 1391 573 1447 ruit
585 1409 635 1466 per
649 1391 782 1461 vetitum3
802 1389 900 1449 nefus!

403 1468 508 1526 Audax
521 1468 612 1544 Iapeti
626 1488 718 1545 genus

286 1543 387 1623 Ignem
398 1545 495 1604 fraude
509 1548 585 1605 mala
598 1548 732 1623 gentibus
745 1547 847 1606 intulit.

402 1624 490 1682 Post'
482 1645 578 1717 ignem
593 1637 629 1683 aet
618 1627 716 1684 therea
730 1627 814 1684 domo

285 1703 474 1776 subductum,
488 1706 594 1762 macies
607 1716 636 1762 et
649 1723 722 1762 nova
735 1705 856 1762 febrium

401 1780 500 1839 Terris
514 1783 643 1840 incubuit
655 1783 773 1852 cohors3

284 1859 446 1936 semotique
459 1857 538 1936 priirs
551 1861 631 1919 tarda
644 1861 799 1919 necessitas

402 1939 466 1997 Leti
480 1940 614 2017 corripuit
627 1941 756 2016 gradum.

284 2017 425 2095 Expertus
437 2037 559 2076 vacuum
572 2018 707 2076 Daedulus
721 2023 789 2078 adra

401 2097 508 2155 Pennis
521 2117 579 2156 non
593 2097 702 2156 homini
715 2098 798 2157 datis.

283 2175 413 2253 Perrupit
426 2176 592 2236 Acheronta
605 2177 767 2236 Herculeus
778 2176 867 2235 labor.

401 2254 452 2313 Nil
466 2258 629 2315 mortalibus
643 2258 764 2315 arduum
777 2266 836 2315 est:

283 2333 396 2392 Coelum
410 2335 501 2410 ipsum
511 2337 633 2413 petimus
647 2336 766 2394 stultitia
774 2355 782 2406 ;
803 2353 896 2411 neque

401 2414 456 2472 Per
469 2427 596 2473 nostrum
611 2416 734 2491 patimur
747 2415 841 2472 scelus

284 2491 427 2552 Iracunda
441 2493 542 2550 Jovem
556 2511 662 2569 ponere
674 2494 800 2550 fulmina.

466 2677 508 2685 ...-

458 2833 515 2858 -u
543 2805 627 2863 ODE
640 2805 692 2863 IV.
711 2825 769 2854 .-

373 2941 459 2981 Ant.
481 2943 626 2996 ssxrutrr,
648 2942 858 2982 consumant.

59 3033 145 3118 s
167 3046 317 3102 Sonvrnun
331 3042 444 3100 acrislt
437 3061 539 3132 retusa
531 3044 622 3103 ,iani
621 3041 676 3097 ,icc
691 3041 762 3097 reris
776 3038 937 3128 ethvoni,

245 3109 389 3178 Trahunt
379 3141 484 3195 quota:-
563 3122 642 3176 ιηιξ
646 3140 690 3176 [ιιι
705 3121 831 3189 carinas;

69 3251 78 3266 .
167 3203 213 3259 Ac
227 3219 318 3275 neque
329 3200 387 3276 jam
402 3142 519 3257 stabulis
527 3155 635 3276 gaudet
647 3218 745 3289 pecus,
760 3211 809 3256 aut
822 3165 913 3256 dictor
928 3194 1005 3273 igni·
997 3239 1005 3266 ,

243 3278 309 3336 Nec
322 3290 401 3355 prata
414 3280 493 3337 canis
507 3279 631 3337 albicant
643 3278 760 3354 pruinis

167 3358 184 3414 J
187 3377 232 3415 am
246 3357 388 3432 Cytherea
402 3360 503 3416 choros
514 3359 593 3416 ducit
606 3359 715 3428 Venus,
730 3356 897 3414 imminente
910 3353 1009 3425 Lunb;

243 3435 262 3492 J
265 3445 412 3515 unctaeque
426 3436 567 3526 Nymphis
580 3435 686 3493 Gratiae
700 3402 835 3492 decentes

168 3516 286 3573 Alterno
299 3526 402 3572 terram
416 3516 546 3590 quatiunt
558 3515 641 3603 pede,
656 3515 724 3570 dum
738 3533 839 3589 graves
852 3512 1010 3588 Cyclopum

245 3594 392 3661 Vulcanus
407 3594 509 3650 ardens
523 3594 580 3649 urit
592 3592 728 3649 officinas

166 3673 254 3732 Nunc
268 3673 351 3730 decet
361 3682 409 3729 aut
422 3673 503 3729 viridi
517 3672 637 3728 nitidum
651 3682 736 3746 caput
749 3670 886 3746 impedire
900 3680 1000 3745 myrto,

245 3751 305 3808 Aut
319 3750 396 3822 flore,
409 3761 491 3808 terrae
505 3770 588 3824 quem
602 3750 695 3806 ferunt
709 3750 815 3806 solutae.
848 3775 865 3789 ··
1073 3748 1110 3806 10

169 3831 255 3888 Nunc
269 3842 297 3889 et
311 3830 340 3886 in
354 3829 493 3887 umbrosis
507 3829 607 3886 Fauno
621 3830 705 3885 decet
718 3829 863 3886 immolare
877 3827 958 3900 lucis,

247 3910 303 3967 Seu
317 3919 415 3985 poscat
429 3909 513 3984 agnai,
529 3909 586 3966 sive
600 3908 680 3965 malit
693 3908 782 3965 haedo.
