2617 4442
473 367 503 424 Q.
522 367 669 415 HORATII
685 367 810 416 FLACCI

308 511 353 569 Sit
365 509 466 568 modus
479 509 553 568 lasso
566 510 663 582 maris,
676 519 706 569 et
718 510 838 585 viarum,

465 588 649 664 Militiaequel

306 668 390 746 Unde
404 667 428 726 si
442 668 540 726 Parcae
553 669 705 744 prohibent
717 667 833 744 iniquae,

304 747 398 805 Dulce
412 748 516 824 pellitis
529 749 628 805 ovibus
641 748 747 805 Galaesi

305 826 438 900 Flumen,
452 837 481 884 et
494 838 611 903 regnata
624 838 719 904 petam
732 825 843 886 Laconi

463 906 547 963 Rura
561 907 708 964 Phalanto.

305 983 359 1042 Ille
373 993 512 1042 terrarum
525 986 596 1042 mihi
607 997 711 1062 praeter
724 1005 825 1043 omnes

307 1064 441 1138 Angulus
455 1065 537 1136 ridet,
551 1065 601 1122 ubi
614 1085 674 1123 non
688 1065 825 1140 Hymetto

305 1141 394 1200 Mella
407 1144 561 1217 decedunt,
576 1144 713 1218 viridique
727 1154 818 1201 certat

433 1238 435 1244 ’
463 1222 559 1281 Bacca
572 1224 698 1281 Venafro
706 1242 714 1292 3

306 1300 365 1359 Ver
379 1301 430 1358 ubi
443 1301 570 1378 longum,
584 1304 750 1378 tepidasque
763 1301 872 1379 prebet

304 1379 416 1456 Jupiter
431 1381 560 1452 brumas3
581 1392 610 1439 et
624 1382 740 1438 amicus
747 1381 846 1439 Aulon

305 1458 405 1516 Fertili
419 1459 535 1518 Baccho
549 1459 699 1518 minimirm
713 1459 844 1517 Falernis

464 1537 579 1597 Invidet
592 1540 663 1597 uvis.

305 1615 359 1674 Ille
372 1626 400 1674 te
414 1636 528 1675 mecum
542 1619 622 1678 locus
636 1629 665 1676 et
677 1617 769 1675 beatae

304 1695 453 1755 Postulant
467 1716 563 1755 arces:
584 1699 624 1755 ibi
637 1709 670 1754 tu
683 1697 826 1754 calentem

304 1773 410 1833 Debrtd
424 1794 539 1851 sparges
552 1775 678 1850 lacrymd
693 1775 817 1832 favillam

462 1854 544 1912 Vatis
559 1854 653 1912 amici.

572 2166 658 2260 oon
672 2168 708 2226 v.

530 2305 570 2344 An
584 2306 751 2346 POMPEIUM.

303 2405 332 2463 Ο
345 2425 427 2464 sues
441 2423 556 2462 mecum
570 2416 681 2482 tempus
695 2405 725 2463 in
739 2405 872 2464 ultimum

303 2484 445 2557 Deducte,
460 2484 549 2543 Bruto
562 2484 671 2542 militiae
685 2486 769 2558 duce,

342 2565 419 2626 Quis
433 2575 461 2622 te
475 2565 622 2622 redonavit
634 2564 781 2626 Quiritem

382 2643 436 2701 Dis
451 2644 560 2722 patriis,
575 2643 704 2718 Italoque
718 2643 800 2716 coelo,

303 2723 431 2799 Pompei,
446 2741 574 2783 meorum
587 2723 678 2799 prime
693 2722 832 2781 sodalium
842 2723 873 2804 l·

303 2803 379 2861 Cum
392 2822 448 2878 quo
461 2813 619 2863 morantem
633 2800 709 2878 saepd
724 2803 801 2860 diem
814 2821 893 2862 mero
920 2843 923 2846 -

342 2881 438 2957 Fregi,
453 2895 603 2944 coronatus
616 2883 741 2940 nitentes

382 2960 561 3023 Malobathro
576 2963 658 3038 Syrio
671 2961 810 3038 capillos?

303 3039 417 3099 Tecum
431 3044 575 3119 Philippos
586 3053 615 3099 et
628 3041 751 3098 celerem
765 3042 863 3116 sugam

303 3120 398 3194 Sensi,
412 3123 512 3181 relictd
524 3141 583 3179 non
597 3121 671 3178 bene
684 3119 824 3197 parmuld,

341 3199 444 3262 Quum
460 3202 549 3260 fracta
561 3201 648 3259 virtus
662 3210 691 3256 et
704 3199 832 3255 minaces

381 3280 481 3358 Turpe
495 3281 586 3340 solum
599 3276 719 3355 tetigdre
733 3287 838 3336 mento.

302 3359 361 3417 Sed
374 3379 421 3418 me
434 3380 484 3436 per
498 3361 593 3419 hostes
608 3357 770 3415 Mercurius
784 3357 860 3416 celer

302 3436 401 3496 Denso
414 3451 563 3514 paventem
578 3437 692 3493 sustulit
706 3441 788 3494 abre:

322 3515 324 3519 ’
341 3516 387 3573 Te
402 3536 500 3573 rursus
514 3517 544 3572 in
558 3514 666 3571 bellum
679 3515 828 3573 resorbens

380 3594 465 3652 Unda
479 3595 557 3652 fretis
570 3593 635 3650 tulit
649 3594 785 3652 aestuosis.

301 3673 378 3750 Ergo
391 3675 544 3751 obligatam
558 3674 646 3732 redde
661 3671 726 3730 tovi
740 3674 852 3750 dapem,

301 3753 457 3830 Longdque
472 3755 578 3813 sessum
591 3752 693 3810 militia
706 3751 780 3809 latus

341 3832 461 3910 Depone
475 3835 530 3891 sub
543 3835 623 3891 lauro
636 3831 717 3889 med:
738 3851 793 3889 nec

379 3915 470 3973 Parce
484 3914 564 3972 cadis
577 3913 628 3971 tibi
643 3911 798 3971 destinatis.
