2617 4442
486 409 687 459 CARMINUM
703 411 770 458 LIB.
788 410 836 460 lt'.

322 555 432 613 Messes
444 553 594 630 profimdo,
607 553 752 631 pulchrior
766 553 876 613 evenit:

325 634 454 707 Luctere,
468 633 559 690 multa
572 643 688 710 proruet
702 634 845 710 integrum

361 712 437 770 Cum
450 713 537 769 laude
550 713 697 785 victorem,
711 723 846 788 geretque

399 791 504 849 Proelia
517 791 688 868 conjugibus
700 792 851 881 loquenda.

322 870 510 946 Carthagini
500 889 560 947 Jarn
573 889 632 928 non
645 890 700 947 ego
714 871 831 928 nuntios

322 949 436 1007 Mittam
450 950 604 1026 superbos:
625 950 742 1022 occidit,
756 950 863 1008 occidit

363 1029 435 1105 Spes
448 1029 542 1086 omnis
555 1039 585 1086 et
595 1029 708 1088 fortuna
720 1029 808 1086 nostri

401 1107 545 1180 Neminie,
560 1107 764 1165 Hasdrubale'
756 1117 933 1185 interempto.

323 1186 373 1244 Nil
388 1186 516 1244 Claudiae
530 1206 589 1245 non
602 1187 752 1264 perficient
765 1206 878 1260 manus,

323 1266 407 1329 Quas
419 1277 449 1323 et
462 1266 587 1342 benigno
601 1267 720 1324 numine
735 1267 847 1343 Jupiter

362 1345 508 1416 Defendit,
523 1356 551 1402 et
565 1364 641 1402 ourae
655 1365 774 1422 sagaces

402 1423 567 1500 Expediunt
579 1443 629 1502 per
644 1436 729 1482 acuta
742 1425 838 1483 belli.”

582 1739 667 1798 ODE
688 1738 740 1797 IV.
836 1768 839 1778 ·

551 1879 591 1916 An
604 1878 776 1918 Accusatur.

324 1981 410 2038 Drvrs
423 1990 483 2037 orte
497 1980 589 2051 boniS,
604 1979 709 2054 optime
724 1979 856 2038 Romulae

325 2061 428 2118 Custos
441 2059 544 2135 genua,
559 2058 627 2114 abes
638 2059 697 2133 jam
708 2057 827 2116 nimihm
843 2061 909 2118 diu:

324 2139 470 2197 Moturum
484 2138 607 2195 reditum
620 2137 763 2213 pollicitus
776 2138 893 2195 Patrum

482 2218 589 2273 Sancto
603 2216 735 2287 concilio,
749 2217 819 2273 redi.

324 2296 435 2355 Lucem
448 2296 535 2351 redde
549 2305 616 2364 tuae,
630 2295 689 2349 dux
704 2294 777 2350 bone
780 2295 918 2368 ‚patriaez

324 2376 419 2433 Instar
434 2373 507 2431 veris
521 2373 598 2429 enim
613 2371 706 2426 tultus
720 2371 769 2428 ubi
782 2383 848 2428 tuus

325 2452 452 2524 Affulsit‚
466 2451 570 2527 populo
580 2450 685 2526 gratior
699 2450 722 2506 it
734 2451 805 2522 dies,

483 2529 520 2586 Et
534 2529 607 2586 soles
620 2526 724 2587 melius
737 2529 836 2588 nitent.

323 2613 362 2670 Ut
376 2620 465 2668 mater
475 2610 619 2686 juvenem,
634 2627 718 2684 quem
732 2608 826 2667 Notus
841 2609 937 2670 invido

324 2691 408 2749 Flatu
422 2689 569 2765 Carpathii
583 2699 662 2745 trans
676 2690 761 2745 maris
775 2708 887 2764 aequora

325 2771 517 2828 Cunctantem
531 2768 621 2844 spatio
635 2766 749 2844 longihs
763 2788 859 2826 annuo

481 2847 569 2904 Dulci
583 2847 700 2904 distinet
714 2867 731 2904 a
744 2849 838 2920 domo,

324 2929 406 2986 Votis
418 2927 616 3002 ominibusque
630 2937 660 2983 et
672 2926 804 3002 precibus
818 2937 909 3002 vocat,

324 3008 419 3066 Curvo
432 3026 487 3064 nec
501 3007 603 3064 facicm
617 3006 710 3062 littore
724 3007 863 3064 dimovet:

325 3087 375 3144 Sic
389 3087 536 3144 desideriis
550 3087 607 3142 icta
621 3085 753 3142 fidelibus

481 3165 595 3226 Quaerit
608 3164 699 3238 patria
712 3164 866 3220 Caesarem.

324 3243 419 3302 Tutus
432 3245 483 3301 bos
496 3243 603 3300 etenim
616 3259 683 3296 rura
695 3242 888 3315 perambulat:

323 3322 421 3380 Nutrit
434 3342 500 3380 rura
514 3321 613 3389 ceres,
628 3319 757 3392 almaque
771 3317 930 3378 Faustitas:

324 3402 462 3460 Pacatum
476 3400 593 3457 volitant
606 3415 655 3473 per
671 3396 747 3454 mare
758 3398 877 3457 navitae:

489 3477 605 3553 Culpari
619 3477 720 3533 metuit
734 3475 840 3535 Fides:

324 3561 421 3619 Nullis
434 3557 568 3635 polluitur
583 3565 662 3613 casta
675 3556 776 3613 domus
790 3559 909 3633 stupris:

324 3639 390 3697 Mos
403 3649 432 3695 et
446 3639 491 3694 lex
505 3636 683 3692 maculosum
696 3638 823 3694 edomuit
837 3637 933 3696 nefas:

323 3718 490 3777 Laudentur
505 3715 589 3772 simili
604 3715 682 3790 prole
693 3735 855 3792 puerperae:

484 3793 605 3870 Culpam
619 3795 710 3851 Poena
722 3795 826 3870 premit
839 3815 944 3854 comos
1011 3787 1019 3804 ’

228 3935 232 3945 ,
323 3875 401 3940 Quis
415 3875 549 3933 Parthum
563 3876 684 3950 paveatl
704 3874 767 3948 quis
780 3874 906 3965 gelidum
922 3875 1070 3951 Scythenl
1116 3874 1158 3934 25

323 3955 411 4029 Quis,
425 3953 579 4013 Germania
592 3972 662 4028 quos
676 3953 790 4010 horrida
802 3954 922 4029 parturit

481 4033 524 4092 61
