2617 4442
145 340 199 399 124
468 336 499 393 o.
517 334 663 383 noman
680 334 805 383 macer

180 484 230 539 An
244 491 275 540 tu
289 480 359 539 reris
372 500 439 538 eum
452 478 550 538 occist
563 476 705 535 insanisse
717 480 855 553 pareutcl

182 562 227 618 Ac
240 580 298 619 non
312 558 380 618 autb
393 560 476 617 malis
489 560 652 615 dementem
667 567 762 615 actum
776 556 872 615 Furiis
873 556 982 634 ,quim
1077 561 1135 619 135

179 639 215 697 In
229 640 327 697 matris
336 639 436 716 jugulo
450 638 555 696 sermm
569 637 704 713 tepefecit
716 638 854 694 acutuml

178 718 270 791 Quin,
284 740 320 777 err
333 738 389 793 quo
402 730 446 775 est
458 716 573 774 habitus
586 713 661 773 male
674 726 744 773 tutae
756 716 862 774 mentis
874 714 1003 790 Orestes,

179 797 229 854 Nil
243 794 313 855 sane
328 797 396 855 fecit
409 797 485 871 quod
499 806 531 853 tu
543 793 717 871 reprendere
728 794 838 871 possis:

178 876 246 933 Non
260 877 388 952 Pyladen
401 877 474 935 ferro
487 876 592 932 violare
605 893 725 931 aususve
739 893 864 931 sororem

178 954 337 1013 Electram:
358 953 470 1013 tantiam
484 953 629 1011 maledicit
641 954 763 1028 utrique
776 953 906 1011 vocando
1074 955 1134 1013 140

179 1035 265 1091 Hanc
279 1035 404 1105 Furiam,
418 1035 496 1092 hunc
509 1033 586 1091 aliud
589 1033 693 1123 ,jussit
705 1032 780 1108 quod
794 1032 944 1123 splendida
956 1033 1030 1091 bilis.

177 1112 289 1189 Pauper
302 1114 435 1191 Opimius
448 1112 558 1189 argenti
571 1113 655 1188 positi
668 1112 747 1169 intus
759 1121 790 1169 ct
801 1111 874 1185 auri,

176 1192 240 1254 Qui
253 1193 446 1250 Veientanum
459 1192 538 1249 festis
551 1202 648 1267 potare
662 1190 765 1247 diebus

178 1271 328 1346 Campani
342 1272 440 1329 solitus
453 1271 537 1328 trulla
539 1288 736 1347 ,vappamque
749 1268 890 1346 profestis,

178 1350 336 1412 Quondam
349 1350 478 1425 lethargo
490 1317 592 1426 graiadi
605 1360 648 1406 est
661 1367 821 1425 oppressus,
835 1360 867 1406 ut
879 1350 972 1407 baeres
1072 1350 1131 1408 145

179 1428 198 1486 J
200 1450 247 1487 am
260 1430 370 1487 circum
383 1429 491 1487 loculos
505 1441 534 1487 et
547 1430 640 1486 claves
653 1429 736 1486 laetus
748 1447 891 1503 oransque

178 1509 330 1567 Curreret:
351 1510 429 1567 hunc
441 1508 571 1566 medicus
584 1506 705 1566 multum
718 1508 795 1565 celer
808 1518 892 1583 atque
905 1506 997 1565 tidelis

178 1588 296 1646 Excitat
309 1590 364 1647 hoc
377 1600 478 1666 pacto:
498 1606 627 1645 mensam
640 1588 708 1664 poni
720 1587 810 1663 jubet,
825 1598 911 1661 atque

178 1667 295 1726 Effundi
310 1687 409 1725 saccos
422 1686 603 1726 nummorum
614 1688 622 1737 ;
643 1668 783 1725 accedere
794 1666 892 1743 plures

178 1746 226 1802 Ad
240 1747 466 1804 numerandum:
487 1747 633 1804 homiuem
646 1746 690 1803 sic
702 1745 793 1821 erigit.
828 1745 920 1803 Addit
931 1755 962 1804 et
974 1744 1061 1803 illud:
1072 1746 1130 1804 150

179 1823 237 1882 ‘Ni
251 1836 301 1882 tua
314 1826 450 1896 custodis,
464 1826 563 1882 avidus
574 1825 633 1901 jam
648 1826 711 1881 haec
723 1824 834 1882 auferet
846 1826 957 1882 heres!

178 1902 280 1961 ‘Men'
294 1903 357 1961 vivo
365 1905 386 1961 l’
408 1904 465 1963 ‘Ut
477 1904 554 1961 vivas
567 1904 663 1979 igitur,
677 1903 779 1980 vigila:
800 1904 855 1961 hoc
868 1922 929 1981 age.

257 1982 356 2044 ‘Quid
369 1982 439 2040 visl’

178 2060 343 2120 ‘Deficient
355 2061 470 2139 inopem
482 2079 563 2119 venae
576 2072 615 2134 te,
629 2060 661 2118 ni
674 2060 756 2119 cibus
770 2068 854 2138 atque

106 2176 109 2181 ·
178 2140 285 2217 Ingens
299 2143 418 2199 accedat
431 2142 577 2199 stomacho
592 2140 697 2199 fultura
709 2141 815 2199 ruenti.

178 2219 227 2276 Tu
238 2221 352 2279 cessasl
372 2222 504 2297 agedum,
519 2240 601 2278 sume
611 2220 668 2279 hoc
679 2220 866 2297 ptisanarium
874 2221 989 2295 oryza!
1071 2223 1128 2279 155

178 2299 309 2361 ‘Quanti
322 2302 450 2377 emptael'
472 2300 597 2359 ‘Parvo’
620 2300 750 2362 ‘Quanti
762 2300 859 2377 ergol'
880 2299 1086 2358 ‘Octussibus'

258 2379 377 2439 ‘Eheul

175 2459 259 2521 Quid
273 2460 357 2518 refert
370 2460 469 2519 morbo
483 2479 520 2517 an
534 2460 615 2517 hirtis
627 2476 778 2535 pereamus
791 2455 926 2535 rapinisl'
939 2458 956 2486 '’

178 2538 353 2600 “Quisnam
375 2539 461 2615 igitur
485 2539 612 2596 sauus'l''
654 2538 747 2600 “Qui
764 2556 824 2597 non
842 2538 972 2596 stultus.’'
1012 2536 1127 2601 “Quid

257 2636 357 2675 avarus
365 2619 396 2675 l”

179 2696 321 2754 “Stultus
334 2707 363 2753 et
376 2696 521 2753 insanusss’
563 2696 739 2758 “Quidt
716 2716 741 2755 ιι
754 2697 818 2773 quis
831 2715 889 2755 non
902 2696 939 2754 sit
951 2715 1061 2755 camus.

178 2772 325 2833 Continud
348 2776 471 2833 sanusl''
514 2770 693 2833 “Minime''
743 2776 844 2849 “,Cur
869 2777 1006 2835 Stoicel''
1047 2775 1128 2833 “Di-

256 2872 329 2912 cam
1071 2857 1127 2914 160

178 2932 264 2990 ‘Non
277 2942 320 2990 est
334 2932 504 3005 cardiacus,'⁸
518 2932 669 2991 Craterum
682 2934 787 2993 dixisse
800 2945 909 3013 putato,

178 3012 255 3069 ‘Hic
269 3014 361 3088 aeger.¹
398 3012 511 3071 ‘Recte
526 3023 570 3070 est
583 3012 680 3088 igitur,
693 3016 874 3090 surgetquel'
916 3013 1054 3091 Negabit,

177 3088 268 3152 Quod
282 3090 355 3149 latus
366 3102 415 3150 aut
428 3111 512 3150 renes
525 3093 624 3150 morbo
636 3103 782 3151 tententur
796 3104 889 3151 acuto.

177 3168 246 3227 Non
259 3180 303 3229 est
315 3172 456 3248 perjurus,
470 3191 562 3250 neque
576 3172 722 3241 sordidus3
743 3172 870 3229 immolet
883 3172 971 3246 aequis

90 3258 94 3268 “
178 3249 237 3306 Hic
250 3270 367 3327 porcum
382 3252 519 3310 Laribus:
540 3249 638 3310 verbm
653 3216 818 3308 ambitiosus
832 3261 861 3307 et
874 3252 985 3321 audax;
1068 3252 1126 3309 165

177 3328 302 3406 Naviget
316 3332 500 3407 Anticyram:
521 3332 590 3407 quid
604 3332 681 3388 enim
694 3330 799 3403 differt,
813 3330 985 3389 barathrone

177 3406 276 3465 Dones
289 3410 425 3484 quidquid
440 3410 537 3482 habes,
552 3429 588 3466 an
603 3428 749 3485 nunquam
762 3377 842 3467 uthre
855 3409 981 3487 paratisl

178 3488 294 3544 Servius
307 3487 449 3562 Oppidius
463 3457 572 3544 Canirsi
586 3488 643 3545 duo
656 3489 773 3564 praedia,
789 3490 868 3547 dives

178 3565 305 3640 Antiquo
319 3584 408 3621 censu
410 3566 526 3641 ,gnatis
539 3564 644 3624 divisse
658 3568 771 3625 duobus

178 3644 290 3716 Fertur,
305 3654 334 3701 et
348 3645 410 3701 haec
424 3644 547 3701 moriens
560 3646 657 3720 pueris
669 3647 777 3705 dixisse
789 3648 897 3706 vocatis
1049 3683 1052 3692 ‚
1067 3648 1126 3705 170

178 3724 225 3780 Ad
239 3722 362 3780 lectum:
384 3723 556 3798 ‘Postquam
570 3735 599 3781 te
612 3725 694 3797 talos,
708 3726 795 3800 Aule,
809 3745 956 3803 nucesque

177 3801 264 3859 Ferre
278 3802 343 3859 sinu
356 3802 429 3875 laxo,
444 3803 550 3861 donare
563 3817 593 3862 et
605 3804 705 3861 ludere
718 3806 795 3876 vidi;

175 3879 232 3952 Te,
247 3880 358 3956 Tiberi,
372 3900 532 3956 numerare,
544 3882 620 3941 cavis
634 3884 811 3943 abscondere
823 3886 949 3956 tristem
