2617 4442
518 338 549 395 Q.
567 337 714 386 HORATII
730 335 855 387 nnnccl

384 480 523 541 Narratur
537 489 567 538 et
578 479 666 556 prisci
679 478 798 538 Catonis

424 557 508 636 Saepe
523 578 602 618 mero
615 559 737 616 caluisse
750 558 848 616 virtus.

346 639 396 698 Tu
410 639 475 697 lene
489 648 662 696 tormentum
676 638 793 713 ingenio
806 638 940 698 admoves

345 716 516 792 Plerumque
531 717 616 774 duro:
636 727 669 774 tu
682 715 854 792 sapientium

385 798 478 855 Curas
490 805 520 853 et
533 814 670 854 arcanum
682 795 780 871 jocoso

425 875 586 934 Consilium
599 875 705 950 retegis
718 874 824 950 Lyaeo:

347 955 397 1013 Tu
411 973 491 1031 spem
504 954 619 1011 reducis
632 953 776 1026 mentibus
789 953 882 1012 anxiis

346 1035 503 1108 Viresque3
523 1043 553 1090 et
566 1033 647 1090 addis
661 1051 769 1090 cornua
781 1032 909 1109 pauperi,

385 1112 454 1170 Post
466 1122 495 1170 te
508 1131 601 1186 neque
615 1113 701 1170 iratos
711 1112 845 1169 trementi

425 1191 542 1268 Regum
555 1191 662 1267 apices,
675 1209 769 1266 neque
782 1191 906 1249 militnm
919 1208 1008 1254 arma

346 1270 393 1328 Te
407 1269 503 1343 Liber,
517 1281 556 1342 et,
571 1270 594 1328 si
608 1271 674 1328 laeta
686 1270 787 1342 aderit,
802 1271 912 1345 Venus,

347 1350 513 1426 Segnesque
526 1350 633 1407 nodum
647 1350 755 1408 solvere
768 1350 886 1423 Gratiae,

386 1429 522 1504 Vivaque
535 1430 695 1505 producent
707 1429 842 1501 lucernae,

427 1506 504 1564 Dum
518 1507 632 1566 rediens
645 1509 726 1585 fugat
739 1518 815 1567 astra
827 1507 960 1570 Phoebus

594 1819 680 1878 ODE
700 1821 783 1880 XVI.

594 1959 634 1998 An
648 1959 777 2001 DIANAM·

348 2061 500 2120 Mourrun
514 2070 609 2118 custos
627 2079 842 2135 nemorumque,
856 2060 945 2138 virgo,

346 2142 423 2203 Quae
436 2140 597 2198 laborantes
611 2150 692 2197 utero
705 2140 814 2215 puellas

347 2220 408 2279 Ter
421 2230 521 2278 vocata
534 2219 625 2290 audis,
639 2219 797 2294 adimisque
810 2219 878 2293 leto,

544 2298 618 2356 Diva
632 2298 782 2368 trisormis;

348 2377 507 2436 Imminens
520 2378 593 2436 villae
607 2389 657 2435 tua
669 2378 754 2454 pinus
768 2387 838 2450 esto,

345 2458 443 2520 Quam
457 2477 508 2534 per
521 2469 637 2515 exactos
650 2477 704 2533 ego
717 2457 799 2513 letus
812 2476 904 2516 annos

348 2537 447 2595 Verris
459 2536 605 2611 obliquum
619 2536 784 2593 meditantis
797 2536 886 2594 ictum

546 2614 694 2691 Sanguine
709 2615 823 2672 donem.

584 2924 669 2983 ODE
689 2925 792 2985 XVII.

576 3065 617 3103 An
631 3063 795 3104 PHIDYLEN.

347 3164 441 3224 (imno
455 3164 571 3242 supinas
584 3163 608 3222 si
622 3163 720 3222 tuleris
733 3183 836 3222 manus

347 3243 495 3303 Nascente
509 3244 602 3318 Luni,
616 3243 723 3302 rustica
735 3243 866 3320 Phidyle,

387 3325 419 3382 Si
434 3326 516 3382 thure
529 3325 652 3400 placiris
666 3333 696 3380 et
709 3323 800 3380 hornis

426 3403 522 3480 Fruge
535 3404 633 3475 Lares,
647 3401 785 3476 avidique
799 3401 901 3479 porca3

347 3479 413 3540 Nec
425 3482 603 3557 pestilentem
619 3481 723 3539 sentiet
736 3481 869 3539 Africum

349 3560 499 3618 Foecunda
511 3560 585 3630 vitis,
599 3578 655 3617 nec
669 3559 794 3618 sterilem
808 3579 891 3637 seges

386 3639 573 3714 Rubiginem,
587 3649 636 3695 aut
650 3637 749 3696 dulces
762 3639 871 3697 alumni

425 3716 567 3774 Pomisero
580 3735 664 3792 grave
679 3728 791 3794 tempus
805 3739 890 3781 anno.

347 3795 435 3870 Nam,
449 3815 511 3871 quae
524 3797 610 3854 nivali
624 3797 749 3872 pascitur
763 3798 871 3874 Algido

349 3875 456 3933 Devota
469 3894 591 3950 quercus
604 3876 677 3934 inter
690 3889 720 3936 et
733 3877 824 3950 ilices,
