2617 4442
474 377 722 428 EPtSTOLtRUM
738 379 806 429 LIB.
824 380 846 429 1.
864 384 888 431 1.

225 520 318 599 AEqud
334 520 497 598 neglectum
510 521 605 597 pueris
618 522 790 599 senibusque
803 524 928 583 nocebit

222 601 326 661 Restat
340 601 429 659 uthis
443 620 497 677 ego
507 620 553 658 me
566 601 627 677 ipse
641 621 739 678 regam
752 603 881 680 solerque
890 602 1057 663 elementis:

222 681 291 739 Non
305 680 395 758 possis
409 682 492 738 oculo
505 678 643 756 quantlrm
658 683 832 740 contendere
846 682 991 759 Lynceus,
1046 726 1048 729 ι

222 760 291 818 Non
305 772 401 817 tamen
415 760 523 817 idcirco
536 771 703 818 contemnas
716 761 810 838 lippus
823 762 941 839 inungi3

222 838 298 912 Nec,
313 840 379 915 quia
392 839 526 915 desperes
540 840 637 897 invicti
651 841 780 898 membra
792 841 939 917 Glyconis,

223 919 343 977 Nodosb
357 937 459 993 corpus
472 919 545 977 nolis
559 919 709 995 prohibere
723 920 871 997 cheragrb.

223 998 276 1056 Est
288 998 412 1075 quddam
426 998 538 1074 prodire
551 1008 646 1071 tenus,
660 999 684 1056 si
697 1017 756 1057 non
770 1000 853 1057 datur
866 998 949 1060 ultrd.

224 1078 327 1135 Fervet
337 1078 454 1135 avaritial
467 1078 627 1153 miseroque
641 1078 777 1155 cupidine
789 1081 910 1155 pectusl

225 1160 299 1215 Sunt
312 1158 397 1215 verba
410 1168 440 1214 et
453 1176 537 1215 voces
550 1158 653 1233 quibus
667 1158 745 1215 hunc
758 1158 848 1216 lenire
861 1159 987 1217 dolorem

225 1237 330 1309 PossiS,
344 1248 374 1293 et
387 1255 520 1313 magnam
534 1237 625 1294 morbi
638 1238 782 1313 deponere
796 1248 913 1315 partem.

224 1317 332 1374 Laudis
347 1335 442 1373 amore
456 1318 569 1373 tumesl
590 1327 657 1374 sunt
668 1328 747 1374 certa
758 1317 872 1393 piacula
884 1337 948 1395 quae
961 1328 991 1377 te

223 1396 284 1453 Ter
298 1393 367 1471 pure
383 1395 457 1453 lento
470 1406 603 1471 poterunt
616 1415 746 1453 recreare
759 1397 864 1455 libello.

223 1475 352 1547 Invidus,
365 1474 530 1546 iracundus,
545 1474 631 1547 iners,
645 1476 770 1549 vinosus,
784 1487 902 1551 amator,

224 1555 318 1613 Nemo
332 1550 404 1613 aded
418 1554 495 1611 serus
508 1564 597 1612 estut
610 1574 668 1612 non
683 1555 834 1613 mitescere
847 1557 947 1632 possit,

225 1636 257 1693 Si
271 1631 356 1692 modd
370 1635 490 1691 culture
503 1635 660 1709 patientem
674 1635 836 1692 commodet
848 1654 956 1693 aurem.

263 1714 361 1772 Virtus
374 1724 418 1771 est
431 1713 530 1771 vitium
545 1713 660 1789 sugere3
681 1724 711 1771 et
724 1713 863 1790 sapientia
875 1715 967 1791 prima

225 1794 350 1852 stultiut
364 1792 498 1851 caruisse.
539 1793 640 1865 Vides,
653 1812 717 1869 quae
730 1794 854 1852 maxima
867 1794 961 1852 credis

224 1874 295 1931 Esse
310 1873 393 1945 mala,
407 1873 543 1948 exiguum
556 1891 687 1946 censum,
701 1883 868 1949 turpemque
882 1874 1035 1951 repulsam,

222 1954 342 2015 Quanto
356 1953 463 2009 devites
477 1952 571 2009 animo
585 1952 741 2028 capitisque
754 1952 867 2011 labore:

223 2032 348 2109 Impiger
362 2042 502 2089 extremos
516 2031 607 2090 curris
621 2043 761 2090 mercator
775 2033 811 2089 ad
826 2031 925 2106 Indos,

223 2111 278 2169 Per
292 2131 370 2169 mare
383 2111 547 2187 pauperiem
559 2112 682 2188 fugiens,
695 2131 746 2188 per
759 2131 838 2185 saxa,
851 2130 902 2189 per
915 2112 1015 2189 ignes:

223 2190 270 2250 Ne
284 2210 368 2249 cures
381 2211 416 2247 ea
429 2210 491 2266 que
506 2188 591 2249 stulte
606 2191 717 2248 miraris
730 2202 760 2249 et
772 2202 862 2267 optas,
888 2210 896 2226 ‘

223 2270 342 2329 Discere
355 2282 384 2328 et
398 2270 507 2343 audire,
521 2280 550 2327 et
563 2268 674 2327 meliori
687 2270 804 2329 credere
819 2290 878 2327 uon
891 2270 953 2329 visl

222 2350 299 2412 Quis
313 2351 423 2409 circum
436 2368 525 2425 pagos
538 2359 567 2406 et
580 2349 691 2405 circum
703 2349 828 2423 compita
840 2368 959 2425 pugnax

224 2428 332 2507 Magna
345 2429 476 2488 coronari
490 2437 654 2485 contemnat
667 2426 812 2503 Olympia,
823 2428 871 2485 cui
884 2447 959 2505 spes,

223 2509 280 2566 Cui
294 2510 329 2567 sit
344 2508 471 2567 conditio
486 2507 578 2565 dulcis
592 2507 654 2565 sine
667 2506 782 2583 pulvere
792 2507 913 2583 palmael

262 2588 358 2646 Vilius
372 2598 521 2663 argentum
535 2597 578 2644 est
592 2606 670 2659 auro,
686 2586 834 2644 virtutibus
848 2606 958 2645 aurum.

224 2671 242 2698 “
254 2668 282 2726 Ο
296 2668 382 2740 cives,
397 2668 484 2739 cives,
497 2668 650 2742 querenda
663 2666 788 2743 pecunia
800 2664 924 2743 primum
937 2675 990 2739 est,

222 2747 322 2805 Virtus
336 2758 399 2823 post
412 2747 571 2804 nummos.'’
613 2746 688 2803 Haec
701 2745 794 2803 Janus
806 2764 935 2803 summus
948 2747 985 2804 ab
998 2746 1056 2805 imo

223 2824 380 2884 Producet:
402 2827 464 2883 haec
477 2826 609 2883 recinunt
620 2826 741 2903 juvenes
754 2825 861 2883 dictata
874 2844 1024 2903 senesque,

223 2906 308 2963 Laevo
322 2906 453 2982 suspensi
466 2904 574 2964 loculos
587 2905 769 2979 tabulamque
783 2904 898 2963 lacerto.

224 2986 255 3043 st
269 2985 484 3061 quadringentis
498 3004 548 3043 sex
559 2995 669 3061 septem
683 2984 774 3049 millia
786 2985 900 3057 desunt,

223 3064 276 3122 Est
289 3064 402 3122 animus
416 3064 477 3137 tibi,
492 3076 559 3122 suut
571 3083 674 3137 mores,
689 3074 719 3121 et
731 3063 839 3138 lingua,
853 3064 995 3139 fidesque3

221 3143 306 3201 Plebs
320 3144 385 3201 eris,
426 3143 468 3201 At
480 3144 561 3219 pueri
575 3144 718 3215 ludentes,
727 3147 745 3172 “
758 3142 825 3199 Rex
838 3143 922 3214 eris‚’'
937 3144 1028 3218 aiunt,

223 3228 242 3254 “
255 3224 287 3282 Si
300 3220 379 3282 recte
394 3223 509 3281 facies.’'
552 3222 611 3279 Hic
625 3239 724 3277 murus
737 3224 847 3278 acuens
860 3231 931 3292 esto,

222 3301 273 3359 Nil
287 3302 416 3360 conscire
430 3302 494 3374 sibi,
508 3300 588 3359 nrrllt
600 3298 757 3376 pallescere
771 3299 866 3374 culpi.

222 3381 341 3453 Roscia,
356 3383 404 3440 dic
417 3382 511 3454 sodes,
525 3380 624 3437 melior
638 3378 695 3450 lex,
709 3397 747 3435 an
760 3396 912 3454 puerorum
925 3389 970 3437 est

222 3460 335 3533 Naeuia,
351 3480 413 3536 quae
427 3478 549 3536 regnum
562 3455 641 3516 recte
657 3457 827 3516 facientibus
839 3458 931 3534 offert,

223 3538 262 3597 Et
276 3540 402 3599 maribus
415 3540 512 3598 Curiis
526 3550 555 3596 et
567 3539 720 3598 decantata
733 3538 882 3599 Camillisl

224 3618 292 3677 lsne
305 3620 358 3677 tibi
372 3618 476 3677 melitis
490 3619 600 3692 suadet,
614 3618 672 3695 qui,
686 3637 747 3675 rem
761 3618 849 3676 facias
857 3639 865 3689 3
886 3637 957 3692 rem,

223 3698 255 3755 Si
269 3700 369 3774 possis,
384 3694 481 3769 rectd3
502 3699 609 3771 sinon,
623 3716 792 3774 quocunque
807 3700 891 3757 modo
903 3715 983 3770 rem;

222 3776 261 3834 Ut
273 3776 389 3854 propius
404 3789 515 3854 spectes
529 3777 687 3853 lacrymosa
699 3780 833 3855 poemata
846 3776 938 3853 Pupi:

222 3858 272 3914 Au
285 3858 334 3932 qui
349 3858 468 3915 fortunae
482 3868 510 3915 te
524 3876 690 3934 responsare
704 3858 833 3933 superbae

221 3934 359 3994 Liberum
373 3948 403 3995 et
415 3948 544 3995 erectum
556 3956 683 4015 praesens
696 3936 823 3995 hortatur
836 3944 866 3995 et
878 3936 975 4013 aptati

424 4017 463 4076 13
