2617 4442
467 391 667 441 CARMINUM
683 393 750 443 LlB.
766 397 789 444 1.

533 583 618 671 obs
637 614 722 673 xvr.

545 749 586 789 AD
600 749 705 791 VARUM

168 851 313 923 Nummi,
326 850 413 922 Vere,
427 847 509 906 saord
523 849 579 908 vite
592 846 673 926 priris
686 849 791 908 severis
804 851 933 911 arborem

166 932 258 988 Circa
270 931 339 988 mite
350 929 441 987 solum
455 927 583 1000 Tiburis,
598 939 628 986 et
640 928 748 986 moenia
761 929 863 990 Catili:

166 1010 263 1068 Sieeis
276 1009 372 1067 omnia
385 1019 451 1065 narn
465 1007 537 1065 dura
556 1007 638 1065 Dens
650 1008 795 1084 proposuit
802 1029 810 1079 ;
832 1029 924 1086 neque

164 1087 323 1148 Mordaoes
336 1088 416 1145 aliter
430 1086 584 1163 diffugiunt
596 1087 810 1146 sollicitudines.

163 1168 245 1230 Quis
259 1177 322 1244 post
334 1167 400 1224 vina
412 1185 527 1244 gravem
541 1167 669 1224 militiam
684 1177 734 1224 aut
745 1167 910 1244 pauperiem
923 1172 1040 1245 erepatl
1099 1173 1119 1230 5

163 1247 246 1310 Quis
259 1265 317 1304 non
330 1256 358 1303 te
372 1241 476 1322 potiris,
490 1244 604 1303 Bacche
618 1256 708 1322 pater,
722 1256 816 1321 teque,
830 1247 938 1305 deoens
952 1249 1072 1309 Venusi

164 1327 209 1384 At
222 1345 261 1384 ne
274 1325 337 1401 quis
349 1324 455 1382 modici
467 1325 606 1382 transiliat
619 1344 739 1383 munera
752 1325 858 1397 Liberi,

165 1405 332 1462 Centaurea
344 1413 442 1462 monet
455 1422 522 1460 oum
535 1403 665 1480 Lapithis
678 1405 740 1462 rixa
752 1424 837 1480 super
850 1424 929 1464 mero

164 1483 334 1552 Debellata3
355 1492 452 1540 monet
466 1483 606 1540 Sithoniis
618 1503 678 1540 non
691 1482 762 1541 levis
775 1482 874 1556 Evius,
1008 1523 1013 1531 ·

162 1562 269 1624 Quum
282 1563 325 1620 fas
339 1571 423 1637 atque
436 1560 518 1618 nefas
530 1562 634 1636 exiguo
647 1561 705 1618 fine
717 1561 870 1619 libidinum
1082 1566 1118 1623 10

164 1641 345 1699 Disoernunt
358 1639 441 1698 avidi.
483 1638 551 1697 Non
565 1658 619 1716 ego
632 1649 671 1711 te,
685 1639 808 1697 eandida
822 1640 972 1718 Bassareu,

165 1721 294 1778 Invitum
307 1719 432 1794 quatiam
445 1737 451 1775 ε
472 1737 528 1776 neo
541 1719 625 1776 variis
638 1718 732 1777 obsita
744 1718 893 1778 frondibus

163 1800 228 1864 Sub
243 1799 340 1856 divum
352 1797 468 1874 rapiam.
510 1797 592 1855 Saeva
605 1808 673 1856 tene
683 1816 750 1856 cum
764 1797 954 1874 Berecynthio

162 1879 267 1937 Cornu
279 1887 421 1953 tympana,
436 1894 499 1952 quae
513 1876 692 1952 subsequitur
705 1895 800 1934 oaeous
814 1878 904 1936 Amor
917 1878 972 1953 sui,

162 1958 202 2016 Et
216 1957 319 2016 tollens
331 1974 452 2014 vaenum
465 1952 530 2032 plirs
543 1955 632 2014 nimio
645 1955 744 2014 Gloria
756 1957 901 2030 verticem,
1081 1959 1117 2016 15

162 2037 332 2113 Areanique
342 2034 429 2094 Fides
442 2035 569 2112 prodiga,
582 2035 754 2112 perlucidior
766 2035 846 2094 vitro.

521 2349 605 2408 ODE
624 2347 727 2406 XVII.

492 2483 533 2523 su
552 2483 761 2525 nmcunsren.

283 2587 362 2646 Vrsa
375 2583 486 2662 potabis
498 2584 619 2642 modieis
633 2584 773 2643 Sabinum

284 2664 446 2736 cantharis,
459 2663 562 2722 Graeed
576 2664 651 2739 quod
665 2682 720 2740 ego
731 2664 792 2741 ipse
806 2665 880 2724 testi

283 2744 439 2803 eonditum
451 2743 517 2814 levi,
532 2743 614 2801 datus
628 2743 658 2800 in
672 2744 783 2803 theatro

441 2821 543 2883 Quum
556 2822 608 2880 tibi
622 2821 747 2899 plausus,

283 2902 357 2960 Care
371 2900 517 2958 Maecenas
530 2920 626 2977 eques,
640 2912 673 2958 ut
685 2901 796 2978 paterni

283 2981 424 3039 Fluminis
436 2980 513 3056 ripae,
527 2981 611 3038 simul
625 2990 655 3037 et
664 2980 763 3057 jocosa
796 3019 798 3022 -

282 3060 429 3119 Redderet
442 3059 540 3117 laudes
554 3059 606 3117 tibi
619 3060 754 3119 Vaticani

439 3137 547 3196 Montis
560 3139 663 3214 imago.

282 3217 440 3276 Caeoubum
452 3228 482 3275 et
494 3217 581 3293 praelo
595 3217 732 3275 domitam
746 3216 859 3276 Caleno

281 3297 331 3356 Tu
344 3297 425 3355 bibes
437 3314 539 3353 uvam:
559 3312 625 3351 mea
637 3313 694 3352 neo
707 3294 838 3352 Falernis
1077 3299 1114 3359 10

280 3375 457 3452 Temperant
470 3373 541 3431 vites
554 3390 646 3448 neque
661 3371 806 3432 Formiani

439 3451 548 3511 Pocula
560 3450 655 3511 eolles.

324 3533 381 3592 22
