2617 4442
494 363 525 420 Q„
543 360 691 410 HonaTu
702 356 833 408 ‘Furem

531 584 691 644 SATIRA
712 583 798 643 VIII.

208 748 292 807 Ounr
306 759 425 806 truncus
439 764 517 804 eram
531 744 664 818 ficulnus,
678 744 779 802 inutile
792 744 914 819 lignum,

207 828 311 890 Quum
325 826 413 898 saber,
427 826 554 884 incertus
568 843 717 883 scamnum
732 824 874 881 faceretne
889 824 1032 900 Priapum,

208 905 314 965 Maluit
327 925 389 964 esse
404 906 498 963 deum.
532 903 614 962 Deus
628 900 697 962 inde
711 922 775 980 ego,
790 902 884 959 surum
899 903 1049 978 aviumque

209 983 338 1043 Maxima
351 985 487 1043 formido:
509 1003 576 1042 nam
590 983 667 1041 fines
680 984 780 1040 dextra
793 985 918 1055 coercet,

209 1065 265 1123 Ast
278 1066 454 1141 importunas
468 1063 596 1121 volucres
610 1064 640 1120 in
655 1062 760 1120 vertice
774 1062 885 1119 arundo

209 1143 315 1202 Terret
324 1145 392 1216 fixa,
406 1154 536 1219 vetatque
550 1142 630 1201 novis
644 1142 794 1200 considere
802 1140 833 1198 in
847 1139 943 1198 hortis.

209 1222 278 1281 Huc
291 1220 370 1300 prius
384 1224 513 1299 angustis
527 1222 620 1298 ejecta
633 1222 773 1279 cadavera
786 1220 866 1278 cellis

209 1303 372 1361 Conservus
385 1302 433 1360 vili
446 1302 585 1379 portanda
597 1301 711 1359 locabat
724 1301 754 1358 in
769 1300 845 1357 arca.

209 1382 276 1441 Hoc
289 1383 399 1440 misera
412 1382 489 1458 plebi
503 1382 595 1439 stabat
608 1399 761 1438 commune
774 1379 946 1456 sepulcrum,

209 1461 366 1522 Pantolabo
380 1479 495 1535 scurras,
510 1460 749 1535 Nomentanoque
763 1459 867 1535 nepoti.
1125 1457 1163 1515 10

208 1540 291 1600 Mille
303 1542 391 1619 pedes
402 1541 433 1599 in
448 1542 549 1614 fronte,
563 1551 705 1598 trecentos
716 1540 816 1615 cippus
830 1539 860 1596 in
874 1556 974 1614 agrum

208 1619 269 1677 Hic
282 1622 385 1691 dabat3
406 1622 534 1679 baeredes
548 1630 764 1677 monumentum
779 1638 816 1676 ne
829 1626 1000 1693 sequeretur.

208 1697 297 1757 Nunc
311 1700 379 1757 licet
392 1699 527 1775 Esquiliis
540 1700 668 1758 habitare
682 1698 851 1770 salubribus,
862 1708 946 1772 atque

208 1779 325 1854 Aggere
340 1780 370 1837 in
384 1780 481 1855 aprico
493 1779 617 1855 spatiari,
632 1797 688 1854 quo
701 1775 787 1836 modd
802 1778 897 1835 tristes

208 1857 292 1915 Albis
306 1857 455 1915 informem
470 1859 638 1934 spectabant
650 1858 763 1915 ossibus
774 1875 883 1933 agrum.
986 1851 990 1864 ¹
1123 1853 1161 1910 15

207 1936 309 1997 Quum
323 1937 394 1995 mihi
407 1956 466 1995 non
480 1936 593 1995 tantum
607 1938 748 2012 furesque,
763 1937 886 2011 serraque
899 1936 989 1991 sueta

208 2010 298 2075 Hunc
310 2035 413 2075 vexare
426 2016 531 2090 locum,
546 2035 622 2074 curn
636 2030 704 2075 sunt
718 2028 801 2092 atque
814 2014 914 2087 labori,

207 2092 360 2155 Quantum
374 2096 548 2154 carminibus
561 2116 624 2171 quar
638 2106 752 2155 versant
765 2107 849 2171 atque
862 2093 982 2152 venenis

207 2172 359 2234 Humanos
372 2176 498 2235 animos:
519 2177 571 2233 has
584 2172 663 2234 nullo
676 2176 794 2253 perdere
808 2193 923 2252 possum

207 2250 238 2309 N
240 2272 275 2311 ec
288 2256 438 2331 prohibere
451 2256 545 2329 modo,
559 2256 643 2313 simul
658 2275 693 2313 ac
706 2275 778 2331 vaga
791 2256 859 2312 luna
872 2255 1009 2311 decorum
1119 2250 1160 2308 2⁰

179 2370 183 2377 -
207 2332 326 2392 Protulit
339 2355 380 2410 os,
395 2336 464 2412 quin
478 2356 542 2394 ossa
555 2336 661 2413 legant,
676 2335 832 2410 herbasque
845 2343 993 2391 nocentes.

247 2413 315 2472 Vidi
329 2428 442 2492 egomet
456 2416 539 2492 nigrai
552 2416 729 2473 succinctam
743 2415 846 2472 vadere
859 2412 935 2489 pallia

207 2488 371 2566 Canidiam,
384 2496 506 2570 pedibus
519 2495 604 2551 nudis
618 2514 756 2571 passoque
770 2493 883 2569 capillo,

207 2570 283 2629 Cum
298 2574 413 2648 Sagana
427 2574 532 2648 majore
547 2574 704 2631 ululantem
716 2594 724 2644 3
746 2573 834 2649 pallor
848 2582 982 2644 utrasque

207 2647 327 2709 Fecerat
342 2653 496 2710 horrendas
510 2664 635 2728 aspectu.
672 2653 807 2729 Scalpere
821 2662 925 2710 terram
1119 2646 1159 2704 25

206 2727 368 2806 Unguibus,
383 2742 412 2789 et
424 2732 529 2806 pullam
545 2732 678 2790 divellere
693 2728 838 2789 mordiciis
848 2747 953 2807 agnam

206 2806 381 2886 Coeperunt:
402 2830 484 2868 cruor
499 2811 529 2868 in
545 2811 649 2869 fossam
664 2812 810 2882 confusus,
825 2821 856 2868 ut
870 2806 940 2867 inde

207 2890 310 2947 Manes
323 2890 470 2962 elicerent,
485 2889 596 2947 anima's
609 2910 745 2967 responsa
758 2893 883 2949 daturas.

207 2969 305 3028 Lanea
318 2979 347 3027 et
360 2968 468 3045 effigies
482 2980 553 3042 erat,
569 2970 657 3027 altera
670 2990 773 3040 cerea;
794 2970 883 3047 major

206 3050 314 3120 Lanea,
328 3068 390 3123 quae
405 3050 497 3125 poenis
511 3060 706 3125 compesceret
720 3050 891 3107 inferiorem.

207 3128 300 3187 Cerea
314 3129 477 3205 suppliciter
491 3130 592 3201 stabat,
607 3128 765 3202 servilibus,
780 3140 867 3204 utque

206 3210 225 3267 J
227 3229 271 3266 am
285 3210 419 3286 peritura,
434 3210 533 3267 modis.
569 3209 702 3267 Hecaten
716 3220 797 3267 vocat
812 3210 899 3266 altera
913 3226 1028 3283 saevam,

206 3289 307 3346 Altera
321 3288 518 3364 Tisiphonen:
539 3300 686 3366 serpentes
699 3299 782 3364 atque
797 3288 908 3345 videres

206 3366 339 3424 Infernas
352 3386 446 3425 errare
460 3387 564 3437 canes;
585 3368 739 3443 lunamque
750 3368 911 3440 rubentem,

187 3476 190 3484 ·
205 3444 253 3503 Ne
267 3445 339 3503 foret
352 3446 396 3501 his
410 3447 499 3516 testis,
512 3458 575 3521 post
589 3466 694 3523 magna
706 3446 794 3504 latere
808 3447 947 3523 sepulcra.
1121 3444 1161 3504 35

206 3522 331 3581 Mentior
346 3533 374 3580 at
388 3524 503 3597 siquid,
518 3524 623 3582 merdis
637 3536 723 3600 caput
735 3527 867 3601 inquiner
881 3527 954 3584 albis

206 3602 380 3670 Corvorum3
403 3612 486 3677 atque
502 3602 531 3659 in
543 3622 589 3659 me
603 3605 719 3661 veniant
733 3606 853 3663 mictum
868 3617 953 3681 atque
966 3617 1099 3665 cacatum

207 3680 302 3737 Julius
315 3691 345 3737 et
358 3679 464 3755 fragilis
478 3680 608 3739 Pediatia
622 3682 721 3758 furque
735 3684 877 3742 Voranus.

208 3759 329 3835 Singula
341 3759 409 3834 quid
423 3763 598 3819 memorem?
619 3780 676 3837 quo
688 3775 772 3838 pacto
782 3766 892 3822 alterna
905 3764 1055 3839 loquentes

210 3838 322 3896 Umbrae
336 3857 401 3895 cum
417 3840 532 3915 Sagand
547 3841 708 3899 resonarint
721 3843 799 3900 triste
813 3854 843 3900 et
856 3855 992 3912 acutum;
1122 3846 1164 3904 40

207 3914 301 3991 thue
314 3916 373 3993 lupi
388 3918 504 3976 barbam
519 3920 602 3977 variae
617 3938 684 3976 cum
698 3922 783 3986 dente
798 3921 922 3979 colubrae
