2617 4442
190 349 248 409 158
508 348 540 405 Q.
558 348 704 397 HORATII
721 348 846 397 FLACCI

226 490 349 563 Coelum,
363 509 421 548 non
435 490 572 564 animum,
587 501 708 564 mutant,
721 490 770 567 qui
783 500 861 547 trans
874 509 953 549 mare
965 502 1096 551 currum.

227 570 349 628 Strenua
363 589 414 627 uos
426 581 540 627 exercet
553 571 675 628 inertia:
696 570 814 627 navibus
825 579 909 644 atque

225 648 383 725 Quadrigis
395 648 518 724 petimus
531 649 605 706 bene
618 649 720 706 virere.
760 646 849 709 Quod
863 648 945 723 petis,
959 648 1009 707 hic
1021 660 1076 723 est,

226 726 280 785 Est
294 727 418 802 Ulubris,
433 728 545 785 animus
558 727 582 786 si
596 738 624 785 te
635 747 694 786 nou
707 726 804 784 deficit
817 745 923 801 equus.
1136 728 1176 786 30

535 1039 739 1100 EPISTOLA
752 1039 823 1098 XII.

589 1177 631 1217 Al>
650 1178 765 1218 rectum.

224 1280 399 1339 Faucrrsus
413 1280 548 1357 Agrippa
560 1278 676 1351 Siculis,
690 1298 761 1354 quos
774 1277 893 1355 colligis,
908 1279 979 1353 Icci,

225 1360 258 1417 Si
271 1358 350 1419 recte
362 1360 472 1432 frueris,
486 1378 544 1417 non
557 1368 601 1415 est
614 1369 646 1415 ut
660 1358 741 1433 copia
754 1357 842 1434 major

224 1438 273 1496 Ab
286 1439 357 1498 Jove
371 1439 471 1497 donari
484 1438 573 1514 possit
586 1437 653 1495 tibi:
674 1437 740 1494 tolle
754 1436 898 1511 querelas3

224 1516 336 1595 Pauper
349 1518 426 1576 enim
440 1537 497 1576 non
511 1529 564 1589 est,
578 1516 626 1574 cui
639 1534 734 1575 rerum
747 1516 870 1591 suppetit
885 1535 962 1572 usus.

224 1598 257 1654 Si
270 1598 362 1656 ventri
373 1598 456 1670 bene,
471 1596 494 1654 si
507 1596 588 1654 lateri
601 1606 644 1653 est
656 1595 832 1671 pedibusque
845 1594 912 1668 tuis,
925 1596 966 1652 nil
1151 1598 1175 1655 5

224 1675 337 1735 Divitiae
350 1687 483 1753 poterunt
495 1675 604 1751 regales
618 1675 722 1731 addere
735 1673 834 1748 majus.

224 1756 257 1814 Si
270 1752 341 1813 lortd
353 1756 383 1813 in
396 1755 491 1812 medio
503 1754 658 1830 positorum
672 1752 825 1810 abstemius
838 1751 933 1810 herbis

222 1834 302 1890 Vivis
315 1844 344 1891 et
357 1833 458 1905 urticrl,
472 1834 514 1890 sic
524 1832 600 1889 vives
612 1833 749 1908 protinus,
764 1841 795 1888 ut
807 1841 836 1889 te

223 1911 381 1969 Confestim
392 1912 514 1987 liquidus
528 1910 662 1969 Fortunae
676 1912 752 1968 rivus
766 1910 892 1967 inauret:

222 1990 276 2047 Vel
290 1990 357 2065 quia
369 2001 499 2047 naturam
513 1999 623 2047 mutare
636 1989 760 2065 pecunia
772 1988 884 2059 nescit;

221 2068 276 2127 Vel
290 2068 356 2145 quia
369 2078 475 2127 cuncta
487 2079 570 2145 putas
583 2069 641 2125 und
656 2069 758 2127 virtute
770 2068 889 2125 minora.

221 2146 361 2205 Miramur
374 2148 398 2205 si
411 2147 568 2205 Democriti
581 2166 671 2223 pecus
684 2148 744 2205 edit
757 2146 863 2223 agellos

222 2225 373 2303 Ctdthue,
386 2226 454 2284 dum
468 2222 586 2304 peregre
601 2237 643 2283 est
657 2227 768 2283 animus
782 2227 843 2283 sine
857 2244 974 2301 corpore
983 2226 1079 2298 velox3

220 2306 322 2369 Quum
336 2317 377 2379 tu,
391 2307 465 2365 inter
478 2307 605 2364 scabiem
614 2316 722 2363 tantam
735 2317 765 2363 et
777 2305 909 2381 contagia
918 2304 1001 2378 lucri,

221 2386 272 2444 Nil
285 2405 402 2462 parvum
415 2386 517 2462 sapias,
531 2397 560 2443 et
573 2386 668 2443 adhuc
677 2384 811 2442 sublimia
824 2402 917 2454 cures,
1130 2387 1169 2443 15

219 2465 297 2528 Quae
310 2484 388 2523 mare
402 2475 584 2541 compescant
597 2483 701 2536 causae,
712 2464 780 2540 quid
793 2473 931 2539 temperet
944 2482 1068 2535 annum3

221 2545 318 2602 Stellae
332 2555 432 2620 sponte
446 2544 498 2601 sub
509 2544 633 2620 jussaene
648 2554 784 2619 vagentur
798 2554 827 2599 et
840 2551 934 2599 errent
942 2562 950 2611 ;

218 2622 301 2687 Quid
314 2633 425 2697 premat
433 2622 585 2680 obscurum
599 2622 685 2694 lunae,
699 2622 767 2696 quid
780 2621 911 2698 proferat,
925 2621 1022 2678 orbem
1030 2640 1039 2691 ;

218 2700 300 2763 Quid
314 2700 380 2757 velit
393 2712 423 2759 et
435 2700 523 2777 possit
533 2719 627 2757 rerum
640 2701 794 2758 concordia
807 2700 931 2769 discors3

219 2778 417 2855 Empedocles,
431 2798 468 2835 an
483 2780 650 2837 Stertinium
664 2779 765 2837 deliret
778 2780 918 2836 acumenl
1125 2778 1169 2837 2⁰

257 2856 376 2930 Verum,
391 2877 442 2915 seu
455 2858 558 2933 pisces,
572 2876 622 2914 seu
635 2878 750 2934 porrum
764 2869 794 2915 et
806 2876 884 2933 caepe
894 2855 1033 2929 trucidas,
1118 2926 1121 2930 1

220 2935 304 2995 Utere
318 2935 454 3012 Pompeio
467 2936 597 3011 Grospho
608 2955 615 3005 3
626 2945 667 3007 et,
689 2937 713 2993 si
727 2936 796 3012 quid
808 2948 894 3012 petet,
906 2936 979 2993 ultro

217 3014 321 3073 Defer:
342 3014 382 3073 nil
396 3015 542 3092 Grosphus
556 3015 611 3072 nisi
621 3035 722 3073 verum
735 3016 826 3073 orabit
838 3025 867 3072 et
881 3032 1001 3089 aequum.

220 3094 291 3153 Vilis
304 3094 460 3152 amicorum
474 3106 517 3152 est
530 3112 652 3164 annona,
668 3094 750 3152 bonis
763 3094 811 3150 ubi
824 3093 892 3169 quid
906 3093 994 3149 deest.

256 3172 303 3232 Ne
315 3184 411 3233 tamen
425 3173 539 3251 ignores
553 3190 608 3247 quo
622 3172 658 3230 sit
671 3172 805 3230 Romana
818 3172 881 3230 loco
895 3190 959 3229 res:
1125 3171 1168 3230 25

217 3252 360 3312 Cantaber
373 3253 519 3330 Agrippas,
531 3251 635 3310 Claudi
649 3251 751 3309 virtute
765 3251 889 3308 Neronis

120 3338 123 3344 '
217 3333 372 3391 Armenius
387 3333 507 3391 cecidit:
524 3332 572 3409 jus
586 3332 791 3407 imperiumque
804 3329 941 3387 Phraates

216 3410 338 3468 Caesaris
351 3411 462 3487 accepit
475 3410 597 3486 genibus
609 3410 722 3468 minor:
743 3428 829 3466 aurea
842 3408 946 3484 fruges

216 3487 308 3547 Italioe
321 3489 407 3566 pleno
420 3488 533 3546 diffudit
546 3488 638 3566 Copia
650 3507 748 3548 comu.
