2617 4442
154 387 210 447 152
477 385 510 443 Q.
528 381 817 433 HORATII'FLACCI

193 529 224 586 Sl
239 537 334 605 posset
347 538 463 587 eentum
478 547 573 586 scenae
586 527 714 605 praebere
728 536 853 603 rogatus,

192 612 209 638 “
220 606 283 669 Qut
293 626 408 684 possum
419 620 460 666 tot
467 609 497 665 l''
514 608 569 666 ait:
589 612 715 665 “tamen
726 618 754 663 et
765 625 899 681 queram,
910 617 940 663 et
953 616 1022 682 quot
1032 607 1145 667 habebo

193 685 334 745 Mittam.”
375 684 445 745 Pbst
459 684 545 764 paulb
560 686 659 745 scribit
673 686 726 743 sibi
741 685 830 742 millia
843 686 969 761 quinque

193 764 265 823 Esse
280 766 357 824 domi
371 766 573 843 chlamydum3
594 776 715 842 partem,
729 764 773 821 vel
787 764 900 822 tolleret
912 784 1020 823 omnes.

192 843 283 902 Erilis
296 846 398 903 domus
410 856 464 919 est,
478 846 527 903 ubi
541 865 599 904 non
613 856 643 903 et
656 844 746 901 multa
759 853 923 919 supersunt,
1103 845 1144 903 45

192 923 230 982 Et
243 925 391 982 dominum
406 925 516 996 fallunt,
530 935 559 982 et
572 935 693 1001 prosunt
706 923 824 981 furibus.
865 921 953 1001 Ergo,

193 1003 224 1060 Si
239 1022 285 1060 res
299 1003 359 1061 sola
372 1015 465 1079 potest
478 1003 574 1061 facere
587 1014 616 1061 et
629 1022 742 1062 servare
756 1003 882 1075 beatum,

191 1082 257 1139 Hoc
270 1083 378 1158 primus
391 1095 502 1159 repetas
515 1102 596 1159 opus,
609 1084 666 1140 hoc
679 1092 839 1157 postremus
851 1081 973 1139 omittas.

192 1163 224 1219 Si
238 1162 411 1219 fortunatum
425 1161 536 1239 species
550 1172 578 1219 et
592 1160 683 1237 gratia
697 1171 821 1237 praestat,

190 1239 352 1299 Mercemur
366 1260 478 1297 servum
492 1240 541 1315 qui
554 1240 644 1297 dictet
657 1240 784 1310 nomina,
798 1240 901 1296 laevum
1099 1241 1141 1297 50

188 1321 251 1382 Qui
266 1320 370 1379 fodicet
383 1320 465 1393 latus,
480 1330 509 1377 et
522 1331 605 1395 cogat
618 1330 696 1377 trans
709 1320 835 1394 pondera
849 1319 977 1376 dextram

190 1399 353 1475 Porrigere:
374 1404 392 1430 “
408 1400 467 1456 Hic
480 1396 600 1457 multum
616 1398 646 1455 in
660 1397 751 1455 Fabia
766 1398 848 1469 valet,
862 1397 909 1455 ille
924 1397 1044 1456 Velina:

190 1479 316 1536 Cuilibet
329 1478 378 1535 hic
392 1479 483 1536 fasces
496 1479 590 1547 dabit;
612 1477 768 1553 eripietque
782 1478 891 1549 curule,

190 1559 246 1615 Cui
260 1559 342 1629 volet,
357 1558 543 1634 importunus,
557 1558 644 1615 ebur:
667 1556 802 1629 ‘Frater,'
823 1562 830 1587 ‘
846 1557 948 1629 Pater,’
964 1557 1052 1627 adde;

189 1637 229 1695 Ut
242 1638 345 1712 cuique
359 1649 402 1695 est
416 1649 493 1711 aetas,
509 1638 548 1695 ita
561 1655 701 1712 quemque
713 1636 821 1693 facetus
835 1637 965 1711 adopta.’'
1098 1637 1139 1693 55

190 1716 232 1788 Si,
247 1717 320 1773 bene
334 1718 382 1791 qui
396 1731 500 1788 coenat,
516 1718 589 1773 bene
603 1717 684 1785 vivit;
704 1716 791 1787 lucet,
805 1734 906 1772 eamus

189 1792 259 1856 Qud
274 1796 354 1852 ducit
364 1797 450 1870 gula:
471 1796 624 1871 piscamur,
639 1813 792 1864 venemur;
814 1806 845 1851 ut
858 1795 927 1852 olim

189 1874 342 1949 Gargilius,
356 1874 403 1948 qui
417 1872 502 1932 mand
517 1874 624 1949 plagas,
639 1873 788 1946 venabula,
802 1893 907 1945 servos,

189 1952 340 2009 Differtum
354 1954 473 2011 transire
488 1955 578 2010 forum
592 1954 782 2029 populumque
794 1954 919 2028 jubebat,

189 2031 270 2088 Unus
285 2044 315 2090 ut
328 2051 344 2088 e
359 2032 464 2105 multis,
478 2032 582 2107 populo
596 2044 754 2107 spectante,
768 2033 884 2091 referret
1098 2034 1138 2091 00

189 2110 324 2186 Emptum
339 2112 431 2169 mulus
446 2131 553 2187 aprum.
595 2112 686 2169 Crudi
700 2112 857 2187 tumidique
870 2112 1008 2185 lavemur,

188 2190 270 2267 Quid
285 2191 395 2263 deceat,
410 2192 478 2267 quid
492 2210 559 2264 non,
573 2191 664 2263 obliti,
679 2191 783 2249 Caerite
797 2192 864 2248 cerat

123 2296 125 2301 ·
190 2269 290 2347 Digni,
305 2270 457 2347 remigium
470 2270 602 2328 vitiosum
617 2270 778 2328 Ithacensis
792 2270 912 2346 Ulyssei,

190 2350 246 2407 Cui
260 2351 350 2425 potior
364 2352 454 2428 patrib
469 2350 521 2409 fuit
535 2351 686 2409 interdicta
700 2351 833 2425 voluptas

190 2428 232 2500 Si,
247 2429 438 2487 Mimnermus
451 2427 493 2487 uti
509 2441 617 2503 censet,
632 2431 694 2487 sine
709 2448 804 2487 amore
815 2429 944 2505 jocisque
1096 2430 1137 2487 65

189 2507 239 2567 Nil
253 2520 296 2567 est
306 2509 467 2586 jucundum
475 2529 482 2579 ;
504 2508 580 2567 vivas
593 2510 623 2566 in
638 2528 732 2567 amore
744 2509 880 2585 jocisque.

228 2588 316 2659 Vive,
325 2588 399 2645 vale:
421 2589 445 2645 si
459 2588 526 2662 quid
541 2588 642 2646 novisti
656 2589 762 2645 rectius
775 2588 845 2659 istie,

188 2666 337 2724 Candidus
351 2666 481 2743 imperti;
503 2667 609 2740 sinon,
624 2666 668 2724 his
681 2678 761 2725 utere
775 2685 897 2725 mecum.

494 2982 697 3042 EPISTOLA
717 2984 786 3042 Vll.

509 3121 549 3161 Ab
563 3121 771 3161 mortuarum.

185 3225 332 3289 Quruoua
347 3225 409 3284 dies
422 3224 474 3283 tibi
487 3225 629 3301 pollicitus
642 3242 689 3281 me
702 3242 768 3281 rure
782 3223 918 3296 futurum,

186 3307 324 3365 Sextilem
337 3317 427 3365 totum
441 3306 565 3363 mendax
578 3305 730 3363 desideror.
772 3303 871 3379 Atqui,

187 3386 219 3442 si
232 3404 279 3443 me
292 3386 384 3442 vivere
400 3385 450 3457 vis,
465 3382 600 3461 recteque
614 3385 709 3441 videre
723 3382 874 3453 valentem,

184 3463 283 3524 Quam
298 3464 367 3520 mihi
381 3464 433 3519 das
446 3482 530 3538 aegro,
545 3464 625 3519 dabis
640 3473 776 3539 aegrotare
789 3461 912 3532 timenti,

186 3541 341 3613 lllaecenas,
355 3542 483 3610 veniam;
505 3542 573 3597 dum
588 3541 661 3597 ficus
673 3542 765 3617 prima
778 3542 910 3616 calorque
1117 3539 1138 3595 5

186 3620 405 3696 Designatorem
421 3620 537 3675 decorat
550 3619 697 3676 lictoribus
710 3620 793 3689 atris;

186 3699 262 3757 Dum
277 3699 372 3776 pueris
385 3698 477 3755 omnis
490 3708 569 3774 pater
583 3708 611 3755 et
626 3700 782 3757 matercula
794 3698 899 3775 pallet;

186 3778 378 3854 Officiosaque
392 3777 527 3835 sedulitas
540 3787 569 3834 et
581 3777 675 3853 opella
688 3778 807 3836 forensis

187 3858 315 3914 Adducit
330 3857 421 3913 febres
434 3867 463 3913 et
476 3867 645 3914 testamenta
658 3856 792 3931 resignat.

186 3933 276 3996 Quod
291 3936 315 3993 si
329 3936 428 3993 bruma
442 3934 521 3993 nives
534 3936 657 3993 Albanis
671 3934 761 3992 illinet
774 3935 860 4012 agris,
