2617 4442
450 359 700 410 EPISTOLARUM
716 361 783 410 LlB.
802 361 838 411 11.
855 361 879 411 2.

212 500 305 565 Qubd
318 522 376 561 non
390 500 472 580 plura
485 504 559 562 datis
574 504 731 563 invenerit:
752 516 781 563 et
795 516 892 563 tamen
907 504 983 564 idem

214 583 296 641 Scire
310 583 402 641 volam
416 581 554 657 quantum
569 584 688 660 simplex
702 584 856 660 hilarisque
870 584 968 662 nepoti

212 659 366 738 Discrepet
387 672 416 720 et
429 659 568 737 quantum
582 664 727 721 discordet
739 683 844 740 parcus
858 683 950 722 avaro.

212 740 306 799 Distat
319 742 407 813 enim,
421 760 537 817 spargas
551 752 601 799 tua
613 742 759 818 prodigus,
774 762 811 799 an
825 762 920 819 neque
934 753 1079 821 sumptum
1107 743 1165 802 195

213 819 322 878 Invitus
336 820 433 892 facias,
447 838 540 895 neque
551 819 633 897 plura
642 840 743 897 parare
756 821 868 880 labores
875 842 883 893 ;

212 895 371 975 Acpotibs,
385 918 456 975 puer
469 910 501 956 ut
515 899 593 959 sestis
602 900 835 977 Quinquatribus
847 901 926 975 olim,

212 978 325 1055 Exiguo
339 989 474 1055 gratoque
489 978 591 1036 fruaris
604 985 731 1055 tempore
744 980 855 1056 raptim.

251 1062 269 1089 ‘¹
284 1058 439 1134 Pauperies
452 1057 600 1115 immunda
612 1059 711 1135 procul
725 1059 825 1135 procul
839 1059 926 1117 absit:
947 1078 1013 1136 ego,
1026 1055 1123 1118 utrimr

210 1136 293 1195 Nave
307 1137 379 1194 ferar
393 1136 498 1215 magnai
512 1154 548 1193 an
561 1136 659 1215 parvi,
674 1138 747 1195 ferar
761 1156 836 1195 unus
849 1148 879 1195 et
890 1138 976 1196 idem.
1102 1138 1163 1197 2⁰0

210 1215 240 1274 N
242 1236 279 1274 on
290 1217 400 1292 agimur
413 1216 530 1273 tumidis
541 1216 609 1273 velis
621 1217 765 1293 Aquilone
779 1218 908 1276 secundo
915 1238 923 1289 ;

101 1308 105 1315 ’
209 1294 278 1352 Non
291 1307 389 1353 tamen
403 1294 527 1352 adversis
541 1306 652 1353 ertatem
667 1296 799 1353 ducimus
813 1297 945 1368 Austris3

209 1373 336 1447 Viribus,
351 1374 477 1450 ingenio,
492 1376 597 1450 specio,
611 1376 724 1448 virtute,
738 1376 812 1448 loco,
822 1395 864 1449 rc,

209 1451 338 1512 Extremi
351 1454 517 1529 primorum,
531 1453 666 1511 extremis
679 1473 768 1529 usque
780 1454 899 1531 priores.

250 1537 268 1564 ‘¹
279 1532 348 1591 Non
359 1552 391 1589 es
402 1549 518 1589 avarus:
539 1532 595 1590 abi.
628 1532 732 1595 Quidt
752 1533 924 1610 ceterajam
934 1532 1019 1592 simul
1029 1532 1084 1593 isto
1101 1532 1162 1592 205

208 1612 286 1670 Cum
300 1611 368 1669 vitio
382 1608 501 1686 fugeret
520 1621 600 1669 caret
613 1611 666 1670 tibi
678 1622 780 1689 pectus
793 1611 873 1670 inani

210 1690 377 1750 Ambitione
388 1692 400 1747 l
421 1701 499 1749 caret
512 1692 611 1749 mortis
625 1690 785 1764 formidine,
799 1702 829 1749 et
841 1691 904 1750 irat

209 1770 338 1843 Somnia,
352 1780 472 1833 terrores
486 1770 622 1846 magicos,
636 1770 783 1844 miracula,
797 1790 890 1848 sagas,

208 1850 374 1909 Nocturnos
387 1851 511 1908 lemures
524 1860 710 1927 portentaque
724 1849 866 1908 Thessala
877 1850 974 1909 ridesl

208 1930 327 1989 Natales
339 1926 420 2007 grate
435 1930 589 1987 numerasl
610 1928 736 2006 ignoscis
748 1930 870 1989 amicis?
1100 1929 1160 1990 210

209 2009 314 2069 Lenior
327 2019 356 2067 et
368 2008 467 2067 melior
480 2008 514 2065 lis
525 2010 681 2068 accedente
694 2010 833 2068 senectti

207 2089 290 2153 Quid
303 2100 332 2148 te
345 2092 477 2186 exempta
485 2088 565 2164 juvat
578 2089 668 2165 spinis
681 2090 718 2146 de
730 2089 860 2166 pluribus
869 2091 948 2150 unal

209 2166 312 2227 Vivere
327 2168 439 2227 sirecte
454 2168 559 2241 nescis,
573 2168 683 2227 decede
696 2170 802 2245 peritis.
894 2197 898 2203 ·

208 2247 314 2307 Lusisti
328 2245 405 2321 satis,
419 2247 504 2305 edisti
518 2244 587 2305 satis
601 2258 685 2324 atque
699 2249 813 2307 bibisti:

209 2327 339 2405 Tempus
353 2328 431 2387 abire
445 2325 497 2385 tibi
511 2336 564 2399 est,
578 2344 615 2385 nc
628 2337 728 2403 potum
740 2322 850 2403 largius
863 2344 944 2404 equo
1100 2326 1159 2386 215

209 2403 317 2467 Rideat
329 2417 359 2467 et
371 2406 465 2485 pulset
476 2404 584 2465 lasciva
597 2402 747 2465 decentius
757 2406 852 2465 εἵαθ’
