2617 4442
264 787 494 882 QUINTI
537 787 816 862 HORATll
857 789 1100 867 FLACCI

522 1037 844 1103 CARMINUM

545 1281 655 1330 LIBER
672 1280 815 1332 PRIMUS.

444 1526 917 1537 ἡ*-

538 1719 709 1778 FODE
729 1719 821 1778 1.ae
860 1724 865 1742 ‘

547 1858 587 1896 AD
609 1857 817 1898 MEGENA'I'RM.

343 1957 511 2040 Miscenda,
526 1958 850 2034 atayiseditesegibus,

342 2037 371 2096 Ο
384 2050 413 2096 et
425 2037 587 2114 praesidium
601 2047 630 2094 et
644 2038 728 2095 dulce
742 2040 831 2096 decus
844 2040 956 2097 meuml

342 2119 417 2176 Sunt
430 2136 499 2192 quos
513 2117 655 2174 curriculo
665 2117 809 2192 pulverem
823 2116 1007 2196 Olympicum

342 2197 499 2273 Collegisse
510 2195 602 2272 juvat3
624 2207 756 2271 metaque
770 2197 885 2255 fervidis

340 2276 453 2334 Evitata
465 2276 543 2346 rotis,
557 2276 705 2350 palmaque
719 2276 832 2347 nobilis,

341 2355 498 2413 Terrarum
512 2354 642 2410 dominos
655 2354 750 2410 evehit
763 2355 799 2410 ad
814 2355 900 2413 deos:

340 2435 440 2505 Hunc,
455 2433 479 2490 si
493 2432 639 2489 mobilium
653 2432 737 2489 turba
748 2431 908 2494 Quiritium

340 2515 439 2572 Cortat
452 2511 618 2588 tergeminis
631 2512 730 2570 tollere
744 2511 916 2584 honoribus;

339 2593 436 2662 Illum,
451 2591 474 2648 si
488 2590 600 2667 proprio
614 2592 742 2649 condidit
755 2592 856 2649 horreo

339 2671 489 2746 Quidquid
503 2671 540 2728 de
555 2670 671 2745 Libycis
685 2671 803 2728 verritur
817 2669 898 2729 areis.
1139 2675 1174 2733 ll)

340 2750 520 2809 Gaudentem
535 2750 639 2825 patrios
650 2750 759 2808 findere
773 2750 885 2808 sarculo

338 2831 432 2908 Agros
446 2829 578 2887 Attalicis
592 2830 803 2888 conditionibus

339 2909 494 2984 Nunquam
508 2909 651 2966 dimoveas
666 2921 697 2966 ut
711 2909 790 2966 trabe
804 2907 912 2985 Cyprii

339 2989 484 3065 Myrtoum
497 2988 615 3064 pavidus
629 2999 716 3045 nauta
729 2998 807 3046 secet
820 3007 906 3046 mare.

339 3068 509 3127 Luctantem
523 3067 623 3125 Icariis
637 3067 771 3125 fluctibus
786 3067 919 3126 Africum
1134 3073 1171 3131 15

339 3148 482 3206 Mercator
497 3157 637 3219 metuens,
650 3148 741 3205 otium
752 3158 781 3204 et
793 3146 891 3222 oppidi

338 3227 449 3285 Laudat
461 3245 528 3284 rura
541 3226 600 3282 sui:
621 3245 688 3282 mox
700 3226 792 3284 reficit
804 3236 880 3283 rates

335 3307 476 3376 QuassaS,
490 3304 621 3361 indocilis
635 3305 799 3379 pauperiem
812 3303 879 3379 pati.

336 3385 389 3442 Est
402 3383 450 3459 qui
464 3401 519 3439 nec
532 3383 636 3439 veteris
649 3382 752 3456 pocula
764 3381 892 3456 Massici,

336 3464 401 3522 Nec
414 3472 523 3539 partem
537 3460 628 3520 solido
641 3462 757 3520 demere
770 3463 806 3521 do
820 3462 867 3520 die
1127 3467 1169 3527 20

337 3543 462 3620 Spernit,
477 3560 555 3599 nunc
569 3541 651 3599 viridi
665 3543 793 3601 membra
806 3544 860 3600 sub
873 3542 973 3603 arbuto
1183 3555 1185 3561 '

335 3624 457 3694 Stratus,
470 3637 549 3678 nunc
562 3622 598 3678 ad
612 3640 692 3696 aquae
705 3622 769 3680 lene
782 3633 869 3700 caput
881 3640 978 3682 sacre.

335 3702 443 3759 Multos
457 3710 549 3758 castra
559 3700 668 3777 juvant,
682 3712 711 3759 et
723 3701 793 3760 lituo
805 3702 882 3760 tubae

334 3780 496 3839 Permixtus
509 3781 626 3853 sonitus,
641 3781 771 3856 bellaque
784 3780 923 3840 matribus

335 3859 490 3919 Detestata.
532 3858 633 3917 Manet
646 3861 700 3917 sub
713 3859 785 3918 Jove
798 3860 903 3937 frigido
1125 3860 1168 3922 25

335 3939 471 4014 Venator,
485 3949 590 3998 tenerae
604 3938 735 4018 conjugis
748 3939 911 4008 immemor;
