2617 4442
524 361 723 413 CARMINUM
741 364 807 413 LIB.
825 365 862 413 11.

519 589 592 634 C
615 585 701 652 ODE
715 585 770 644 XI.
790 600 862 642 ω

568 723 608 763 ΑΒ
621 723 817 767 POSTHUMUM·

355 825 460 906 Eusori
484 820 970 916 fugupcs,'Posthume‚‚Posthume,

356 904 505 962 Labuntur
519 905 604 962 euni:
625 921 682 960 nec
695 903 787 979 pietas
804 921 913 962 moram

395 983 534 1072 Rugisyet
547 982 804 1074 inptantiysenecpae

435 1061 871 1145 Afferetuindompaequepnorti.

355 1139 436 1215 Non,
448 1141 472 1199 si
486 1143 758 1217 trecenis,quotqu0t
775 1151 846 1199 eunt
859 1140 930 1216 dies,

355 1221 470 1293 Amice,
483 1221 579 1296 places
592 1220 825 1296 illacrymabilem

395 1301 518 1358 Plutona
530 1301 619 1358 tauris
630 1320 637 1370 ;
658 1300 708 1375 qui
721 1309 764 1357 ter
778 1299 904 1377 amplum

434 1380 587 1454 Geryonen
601 1379 765 1455 Tityonque
778 1379 851 1437 tristi

311 1458 314 1462 ’
355 1458 521 1534 Compescit
533 1458 622 1530 undu,
636 1459 747 1516 scilicet
760 1458 904 1533 omnibus,

307 1583 311 1592 .
354 1537 532 1611 Quicunque
545 1547 628 1594 terrae
641 1555 761 1594 munere
774 1537 926 1609 vescimur,

396 1615 595 1690 Enavigandit,
609 1615 668 1672 sive
682 1633 774 1690 reges,

437 1695 504 1751 Sive
518 1694 618 1769 inopes
631 1694 738 1751 erimus
752 1693 852 1751 coloni.

356 1770 476 1831 Frustra
490 1783 609 1830 cruento
623 1771 717 1830 Marte
733 1773 903 1849 carebimus,

355 1851 520 1927 Fractisque
534 1852 613 1909 rauci
628 1850 762 1918 fluctibus
776 1852 894 1911 Hadriae
902 1875 910 1926 ;

394 1928 512 1989 Frustrn
525 1951 575 2007 per
589 1942 742 1990 autumnos
756 1944 910 1992 nocentem

433 2010 605 2087 Corporibus
618 2023 780 2069 metuemus
793 2013 942 2075 Austrum.

353 2089 499 2148 Visendus
513 2099 572 2147 ster
586 2090 703 2148 flumine
716 2091 854 2167 languido

354 2169 480 2245 Cocytus
493 2187 602 2242 errans,
615 2179 644 2228 et
658 2169 754 2228 Danai
768 2189 861 2246 genus

396 2247 518 2320 Infame,
533 2249 739 2324 damnatusque
753 2249 831 2324 longi

435 2327 574 2403 Sisyphus
589 2327 717 2384 AEolides
731 2328 844 2386 laboris.

355 2405 527 2480 Linquenda
539 2404 632 2477 tellus,
647 2415 677 2463 et
690 2405 801 2478 domus,
815 2416 845 2464 et
857 2409 974 2484 placens

355 2485 453 2543 Uxor:
474 2503 567 2560 neque
581 2485 683 2542 harum
696 2503 767 2560 quas
780 2485 851 2544 colis
865 2488 997 2548 arborum

394 2563 451 2636 Te,
465 2574 565 2639 praeter
579 2563 686 2620 invisas
699 2583 859 2640 cupressos,

433 2642 498 2700 Ulla
512 2643 624 2701 brevem
638 2643 786 2702 dominum
799 2657 941 2721 sequetur.

354 2723 496 2781 Absumet
509 2723 600 2781 haeres
613 2723 742 2781 Cecuba
757 2725 869 2801 dignior

355 2802 473 2861 Servata
485 2813 603 2861 centum
617 2801 759 2874 clavibus;
780 2815 809 2862 et
823 2824 902 2864 mero

394 2881 503 2958 Tinget
515 2883 708 2960 pavimentum
723 2884 877 2959 superbum

432 2961 604 3021 Pontificum
616 2963 725 3039 potiore
739 2963 838 3021 coenis.

606 3274 692 3333 ODE
705 3275 777 3334 XII.

481 3412 514 3450 IN
535 3411 583 3452 sul
604 3411 717 3453 SAECULI
737 3413 903 3457 Luxunrnrt.

354 3513 373 3570 J
375 3531 419 3571 nm
439 3529 531 3588 pauca
545 3523 637 3570 aratro
647 3512 749 3590 jugera
762 3516 848 3591 regie

354 3591 448 3652 Moles
461 3592 637 3667 relinquent:
659 3595 784 3669 undique
799 3594 884 3656 latius

392 3673 518 3730 Extenta
531 3673 655 3730 visentur
670 3673 796 3733 Lucrino

433 3753 543 3828 Stagna
555 3751 637 3822 lucu3
658 3753 845 3830 platanusque
858 3756 967 3814 coelebs

352 3828 475 3890 Evincet
488 3832 596 3889 ulmos:
617 3841 678 3889 tum
692 3832 808 3891 violaria
820 3844 850 3890 et

354 3908 477 3985 Myrtus,
492 3921 521 3968 et
533 3911 626 3969 omnis
640 3911 723 3988 copia
736 3912 847 3969 uarium
