2617 4442
500 325 650 376 CARMEN
669 324 871 377 SAECULARE.

350 469 475 530 Condito
487 469 564 529 mitis
576 468 764 547 placidusque
777 467 835 528 telo

350 549 500 627 Supplices
514 549 581 607 audi
594 567 707 625 pueros,
722 548 844 624 Apollo:

278 676 282 684 .
350 630 484 689 Siderum
498 628 598 705 regina
611 627 747 699 bicornis,
760 626 839 700 audi,

587 706 681 779 Luna,
695 705 812 782 puellas.

349 786 446 845 Roma
459 786 483 843 si
497 796 622 844 vestrum
635 797 680 843 est
692 803 773 862 opus,
787 784 905 862 Iliaeque

349 865 443 924 Littus
456 863 610 924 Etruscum
624 862 743 922 tenuere
757 874 868 938 turmae,

349 945 436 1004 iussa
448 964 513 1023 pars
527 954 637 1003 mutare
651 943 740 1001 Lares
752 954 782 1001 et
794 945 895 1002 urbem

587 1023 700 1099 Sospite
714 1041 810 1096 cursu,

350 1102 407 1161 Cui
420 1122 470 1179 per
484 1103 633 1161 ardentem
647 1102 710 1160 sine
724 1102 823 1159 fraude
836 1100 956 1181 'frojam

349 1181 454 1240 Castus
468 1181 588 1254 AEneas,
601 1182 700 1258 patriae
714 1191 866 1257 superstes,

348 1261 485 1320 Liberum
498 1261 620 1319 munivit
632 1261 695 1334 iter,
710 1260 829 1319 daturus

585 1340 672 1398 Plura
685 1340 809 1398 relictis:

349 1416 399 1493 Di,
412 1419 515 1497 probos
527 1438 621 1477 mores
635 1419 728 1481 docili,
733 1419 868 1496 juventa,

350 1496 401 1573 Di,
419 1499 560 1558 senectuti
573 1498 694 1575 placidae
706 1499 843 1575 quietem,

350 1578 484 1637 Romulae
498 1579 578 1657 genti
591 1579 658 1637 date
671 1598 788 1655 remque
801 1578 967 1657 prolemque

587 1657 626 1717 Et
639 1658 728 1717 decus
741 1674 835 1717 omne.

348 1735 482 1813 Quaeque
493 1756 542 1797 vos
555 1736 647 1795 bobus
660 1747 810 1796 veneratur
823 1736 896 1795 albis

349 1813 452 1873 Clarus
465 1816 603 1874 Anchise
616 1816 796 1892 Venerisque
810 1816 937 1894 sanguis,

349 1892 496 1970 impetret,
509 1894 633 1953 bellante
646 1895 733 1971 prior,
744 1896 889 1973 jacentem

585 1972 675 2033 Lenis
688 1975 719 2033 in
732 1976 852 2034 hostem.

348 2049 416 2109 lam
429 2052 501 2111 mari
514 2052 645 2129 terraique
659 2072 762 2113 manus
774 2064 905 2132 potentes

349 2127 454 2189 Medus
467 2132 651 2209 Albanasque
666 2134 748 2193 timet
761 2152 893 2193 secures:

348 2207 367 2266 J
369 2229 416 2269 am
430 2212 544 2289 Scythae
558 2232 695 2289 responsa
706 2225 817 2290 petunt,
831 2212 946 2291 superbi

584 2291 696 2370 Nuper,
707 2304 737 2352 et
750 2293 826 2351 Indi.

348 2366 414 2429 Jam
429 2369 526 2447 Fides,
540 2382 570 2430 et
582 2371 652 2447 Pax,
667 2386 697 2431 et
709 2372 821 2446 Honor,
835 2372 986 2450 Pudorque

351 2449 478 2525 Priscus,
491 2463 522 2510 et
534 2451 667 2528 neglecta
679 2452 773 2512 redire
786 2452 886 2511 Virtus

350 2530 464 2601 Audet3
486 2540 659 2607 apparetque
673 2532 756 2591 beata
769 2532 854 2609 pleno

588 2610 682 2686 Copia
694 2630 793 2671 cornu.

349 2690 452 2765 Augur
465 2698 495 2745 et
507 2686 633 2765 fulgente
647 2691 770 2749 decorus
783 2709 853 2749 arcu

348 2767 485 2841 Phoebus,
499 2776 690 2845 acceptusque
702 2789 805 2828 novem
820 2768 976 2844 Camenis,
992 2824 998 2838 ,

347 2846 411 2910 Qui
424 2847 541 2905 salutari
554 2847 630 2907 levat
643 2860 704 2907 erte
718 2848 807 2909 sessos

586 2926 721 3004 Corporis
734 2939 821 3001 artus,

349 3005 383 3064 Si
395 3004 539 3064 Palatinas
552 3004 629 3065 videt
641 3026 741 3082 aequus
754 3027 833 3079 aras;

349 3083 483 3161 Remque
497 3084 660 3143 Romanam
674 3085 844 3163 Latiumque
858 3086 927 3145 felix

350 3164 483 3225 Alterum
496 3163 527 3221 in
539 3163 661 3222 lustrum
674 3166 832 3242 meliusque
844 3185 958 3243 semper

586 3243 724 3322 Proroget
737 3264 837 3303 evum.

349 3323 483 3400 Quaeque
497 3325 675 3384 Aventinum
689 3333 768 3383 tenet
780 3324 987 3402 Algidumque,

348 3403 527 3465 Quindecim
541 3402 635 3461 Diana
647 3422 748 3481 preces
761 3404 886 3463 virorum

350 3480 449 3555 Curet,
463 3491 493 3539 et
505 3482 578 3539 votis
591 3500 743 3557 puerorum
758 3484 866 3541 amicas

587 3560 724 3637 Applicet
737 3580 828 3621 aures.

351 3636 426 3696 IItec
438 3636 540 3696 Jovem
554 3640 660 3698 sentire
674 3641 799 3717 deosque
813 3650 935 3699 cunctos

351 3717 439 3793 Spem
452 3718 557 3777 bonam
570 3729 733 3795 certamque
746 3722 864 3779 domum
877 3728 1001 3798 repono,

350 3794 461 3855 Doctus
473 3806 503 3855 et
515 3795 617 3857 Phoebi
631 3798 736 3857 chorus
749 3810 779 3858 et
792 3800 895 3859 Dianre

586 3873 692 3935 Dicere
707 3878 814 3937 laudes.

1147 3796 1188 3854 75
