2617 4442
491 353 698 403 sabiniana
717 354 784 404 me.
802 358 823 405 1.
842 360 865 406 o.
1117 370 1175 429 105

218 498 353 574 Namque
367 509 410 556 est
423 497 480 571 ille,
493 509 574 575 pater
588 499 664 575 quod
678 509 738 558 erat
751 501 950 561 meus—Hoc
963 505 1015 563 tibi
1028 506 1135 567 Paulus

218 578 258 636 Et
272 577 398 635 Messala
411 578 534 635 viderisl
576 578 617 635 At
630 578 688 651 hio,
702 578 726 636 si
740 579 865 655 plaustra
878 583 1011 657 ducenta,

219 657 456 733 concurrantque
471 657 530 715 foro
543 656 598 714 tria
611 656 720 730 funera,
735 677 840 735 magna
853 662 974 734 sonabit,

220 737 338 794 Cornua
350 732 426 812 quod
440 736 590 811 vincatque
604 737 707 794 tubas:
729 738 829 795 saltem
843 749 922 798 tenet
935 742 990 800 hoc
1003 763 1065 803 nos.

260 815 348 873 Nunc
362 816 399 872 ad
413 834 459 875 me
473 817 569 890 redeo,
584 816 717 875 libertino
730 827 809 894 patre
823 833 940 878 natum:
1133 826 1173 884 45

219 894 319 955 Quem
332 896 436 952 rodunt
449 912 550 954 omnes
562 895 697 954 libertino
709 908 789 973 patre
804 908 920 969 natum;

220 973 318 1046 Nunc,
332 974 408 1049 quia,
423 973 579 1048 Maeoenas,
594 975 645 1033 tibi
659 995 723 1033 sum
737 976 901 1049 convictor3
921 989 950 1037 at
962 980 1040 1057 olim,

219 1050 311 1116 Quod
325 1054 395 1110 mihi
408 1065 519 1131 pareret
532 1054 607 1132 legio
621 1054 756 1113 Romana
769 1057 892 1115 tribuno.

220 1132 366 1191 Dissimile
380 1134 436 1191 hoc
451 1134 490 1191 illi
504 1145 563 1191 est:
585 1134 652 1209 quia
666 1154 733 1207 non,
748 1150 780 1193 ut
794 1135 873 1194 forsit
886 1138 1023 1197 honorem

220 1211 238 1268 J
241 1231 291 1269 ure
304 1213 374 1270 mibi
389 1212 514 1271 invideat
527 1212 628 1289 quivis,
643 1215 723 1271 itate
737 1234 848 1291 quoque
861 1217 1004 1291 amicum;
1131 1222 1172 1280 50

220 1292 381 1351 Praesertim
395 1302 510 1349 cautum
524 1293 626 1369 dignos
640 1312 795 1367 assumere,
809 1297 896 1371 prava

220 1371 387 1430 Ambitione
401 1372 509 1448 procul.
551 1371 680 1429 Felicem
694 1372 791 1431 dicere
805 1393 863 1433 non
877 1377 934 1433 hoo

220 1450 271 1507 Me
284 1470 409 1527 possum,
424 1470 493 1507 casu
506 1447 583 1526 quod
598 1462 626 1509 te
640 1452 754 1509 sortitus
769 1454 912 1525 amioum;
998 1447 1001 1452 Δ

220 1529 310 1587 Nulla
322 1531 429 1588 etenim
444 1529 495 1586 tibi
509 1549 556 1587 me
571 1530 627 1587 fors
640 1530 758 1588 obtulit:
780 1533 905 1608 optimus
917 1533 986 1594 olim

220 1609 367 1686 Virgilius,
381 1610 534 1687 posthunc
547 1609 663 1682 Varius,
678 1607 777 1667 dixere
790 1612 859 1687 quid
872 1632 973 1673 essem.
1130 1618 1170 1677 55

219 1688 259 1746 Ut
272 1688 337 1747 veni
351 1686 458 1761 cordm,
473 1687 620 1764 singultim
633 1707 726 1764 pauca
738 1689 861 1764 locutus,

219 1767 321 1827 Infans
334 1787 457 1844 namque
470 1768 562 1845 pudor
575 1768 744 1844 prohibebat
755 1769 839 1845 plura
850 1770 964 1847 profari,

218 1847 288 1905 Non
302 1867 355 1924 ego
369 1867 415 1905 me
429 1847 506 1906 claro
520 1858 619 1905 natum
632 1858 722 1923 patre,
736 1867 795 1907 non
808 1868 862 1927 ego
876 1850 999 1909 circum·

218 1925 270 1984 Me
285 1926 453 1985 Satureiano
467 1927 572 1985 vectari
586 1946 653 1984 rura
666 1928 786 2001 caballo,

218 2006 288 2079 Sed,
302 2008 377 2082 quod
391 2026 479 2080 eram,
493 2025 585 2065 narro.
627 2006 809 2083 Respondes,
823 2020 993 2070 uttuusest
1006 2031 1078 2086 mos,
1130 2013 1170 2072 60

218 2085 334 2143 Pauca:
354 2086 441 2157 abeo;
463 2097 492 2144 et
505 2105 621 2145 revocas
635 2105 712 2145 nono
724 2084 790 2162 post
800 2108 909 2162 mense,
921 2090 1061 2169 jubesque

217 2163 290 2223 Esse
304 2166 334 2223 in
349 2166 505 2224 amicorum
519 2184 647 2223 numero.
689 2164 831 2242 Magnum
845 2168 900 2227 boo
914 2188 968 2246 ego
981 2170 1067 2245 duco,

217 2242 309 2306 Quod
322 2245 417 2321 placui
431 2244 493 2317 tibi,
506 2244 555 2320 qui
568 2243 644 2320 turpi
659 2246 785 2303 secernis
799 2246 960 2321 honestum,

217 2322 249 2379 N
250 2343 288 2382 on
300 2335 380 2400 patre
392 2324 539 2400 preclaro,
554 2324 604 2381 sed
619 2323 677 2380 vita
690 2333 719 2381 et
732 2335 847 2399 pectore
860 2345 940 2401 puro.

257 2404 359 2478 Atqui,
374 2403 398 2460 si
412 2403 488 2460 vitiis
501 2402 694 2460 mediocribus
707 2420 741 2459 ac
755 2421 819 2460 mea
832 2405 932 2481 paucis
1130 2410 1171 2468 65

217 2480 360 2541 Mendosa
373 2493 417 2540 est
430 2492 541 2555 natura,
556 2480 660 2556 alioqui
673 2491 761 2554 recta,
776 2482 852 2540 velut
864 2483 888 2541 si

217 2560 342 2639 Egregio
356 2562 499 2639 inspersos
509 2558 665 2637 reprendas
678 2578 795 2637 corpore
809 2580 919 2633 naevos;

217 2642 250 2699 Si
264 2660 356 2717 neque
370 2641 524 2713 avaritiam,
539 2658 631 2716 neque
645 2640 753 2715 sordes,
766 2660 822 2698 nec
835 2642 910 2699 mala
922 2642 1021 2717 lustra,

216 2720 344 2797 Objioiet
356 2718 422 2777 vere
437 2720 584 2795 quisquam
599 2719 685 2789 mihi;
706 2737 794 2795 purus
803 2732 833 2779 et
846 2721 944 2781 insons

219 2798 331 2873 (Utine
345 2800 520 2889 collaudem)
536 2798 560 2856 si
574 2798 645 2871 vivo,
660 2809 690 2856 et
703 2817 788 2857 carus
802 2801 918 2860 amicis:
1131 2804 1171 2862 7⁰

217 2879 314 2937 Causa
327 2879 380 2936 fuit
389 2888 469 2955 pater
484 2878 538 2950 lus,
552 2877 601 2953 qui
615 2897 713 2936 macro
726 2897 832 2955 pauper
846 2880 938 2957 agello

216 2957 320 3017 Noluit
333 2958 363 3015 in
378 2956 460 3017 Flavi
474 2958 575 3015 ludum
587 2976 634 3015 me
647 2958 770 3030 mittere,
784 2960 883 3035 magni

217 3035 289 3099 Quo
302 3037 383 3114 pueri
397 3037 508 3115 magnis
522 3056 539 3094 e
553 3037 769 3094 centurionibus
782 3038 846 3110 orti,

216 3116 302 3175 Laevo
316 3117 447 3193 suspensi
460 3116 568 3174 loculos
581 3115 763 3191 tabulamque
776 3115 893 3190 lacerto,

216 3194 303 3253 Ibant
312 3196 422 3256 octonis
436 3196 590 3253 referentes
605 3195 699 3251 idibus
713 3212 777 3250 aera.
1132 3200 1172 3258 75

217 3276 275 3333 Sed
288 3293 409 3351 puerum
422 3285 466 3332 est
479 3293 565 3331 ausus
578 3272 703 3330 Romam
717 3282 838 3348 portare,
851 3273 1013 3333 docendum

217 3355 305 3412 Artes
318 3372 388 3431 quas
402 3354 504 3411 doceat
517 3352 607 3428 quivis
621 3370 710 3426 eques
723 3361 806 3425 atque
821 3362 935 3410 senator

217 3434 316 3492 Semet
328 3442 500 3510 prognatos:
520 3441 628 3487 vestem
642 3447 792 3505 servosque
806 3442 959 3506 sequentes

216 3513 252 3570 In
266 3532 371 3589 magno
385 3522 416 3569 ut
428 3510 533 3588 populo
547 3509 571 3567 si
584 3509 647 3585 quis
661 3509 785 3581 vidisset,
800 3510 874 3568 avita

215 3591 261 3650 Ex
274 3611 305 3649 re
318 3590 438 3669 praeberi
452 3599 582 3665 sumptus
595 3589 665 3646 mihi
679 3589 809 3647 crederet
821 3589 892 3648 illos.

215 3670 281 3748 Ipse
296 3672 365 3729 mihi
380 3680 477 3727 custos
490 3668 751 3744 incorruptissimus
763 3687 864 3727 omnes

215 3748 335 3809 Circum
349 3752 479 3808 doctores
493 3748 597 3805 aderat.
631 3747 714 3808 Quid
728 3747 836 3805 multal
856 3748 1004 3824 pudicum,

214 3831 277 3893 Qui
291 3831 399 3907 primus
413 3826 523 3887 virtutis
538 3826 637 3899 honos,
652 3827 773 3884 servavit
786 3826 822 3883 ab
835 3828 914 3885 omni

214 3908 284 3968 Non
298 3906 390 3968 solum
405 3903 603 3981 facto,·verdm
616 3904 766 3982 opprobrio
779 3924 891 3983 quoque
901 3906 993 3985 turpi:
