2617 4442
475 376 681 440 SATIRARUM
698 376 765 425 LlB.
783 375 819 425 11.
836 378 861 425 5.
1102 379 1156 437 131

201 520 316 580 Primus
329 529 359 577 et
372 518 500 577 invenior
513 518 593 597 piper
607 519 713 593 album,
729 538 797 577 cum
811 519 870 577 sale
883 518 967 597 nigro

203 600 361 671 lucretum,
375 599 453 675 puris
467 599 705 674 circumposuisse
718 598 830 656 catillis.
1119 601 1158 656 75

202 679 334 737 Immane
347 688 391 735 cst
403 678 502 735 vitium
517 678 585 734 dare
599 677 688 734 millia
701 688 782 735 terna
795 677 926 750 macello,

202 760 392 834 Angustoque
406 776 490 833 vagos
503 756 597 831 pisces
611 776 712 832 urgere
726 757 830 814 catino.

202 836 312 913 Magne
325 846 419 893 movet
432 836 578 893 stomacho
593 835 714 907 fastidia,
729 855 780 893 seu
793 854 864 912 puer
877 834 973 893 unctis

202 914 351 973 Tractavit
365 915 484 971 calicem
499 915 641 985 manibus,
655 914 723 971 dum
737 915 812 972 furta
831 914 958 990 ligurrit;

203 995 270 1053 Sive
283 995 377 1070 gravis
389 994 477 1052 veteri
491 1005 608 1052 craterae
622 994 707 1050 limus
721 994 847 1051 adhesit.
1117 992 1157 1049 80

202 1074 316 1133 Vilibus
329 1074 359 1131 in
374 1073 477 1149 scopis,
491 1072 521 1130 in
535 1073 654 1149 mappis,
669 1073 699 1129 in
713 1072 809 1144 scobe,
823 1083 946 1148 quantus

204 1152 344 1210 Consistit
357 1154 506 1228 sumptusl
526 1151 675 1228 neglectis,
691 1150 829 1226 flagitium
844 1152 956 1227 ingens.

205 1232 281 1289 Ten'
295 1230 406 1307 lapides
419 1230 510 1289 varios
524 1230 664 1289 lutulenti
677 1231 777 1287 radere
790 1230 897 1305 palmi,

203 1311 242 1369 Et
255 1311 359 1386 Tyrias
374 1310 441 1368 dare
453 1310 562 1367 circum
576 1309 654 1367 illota
666 1309 766 1368 toralia
779 1320 881 1381 vestes,

165 1398 170 1405 '
203 1389 333 1448 Oblitum
347 1386 453 1465 quanti>
468 1408 566 1446 curem
580 1399 780 1464 sumptumque
794 1388 934 1446 minorem
1114 1384 1156 1443 85

204 1470 278 1527 an
292 1469 425 1540 habeant,
439 1464 519 1526 tanti>
533 1466 668 1543 reprdndi
678 1465 784 1543 justibs
798 1466 854 1524 illis

203 1548 280 1610 Quae
293 1548 349 1605 nisi
364 1547 498 1605 divitibus
511 1557 654 1623 nequeant
668 1546 834 1622 contingere
848 1543 977 1602 mensist

524 1705 526 1710 ’
587 1715 733 1750 sonamus.

205 1805 296 1864 Docte
310 1804 386 1877 cari,
399 1822 449 1881 per
463 1802 617 1862 amicitiam
632 1803 766 1878 divosque
780 1813 905 1880 rogatus,

204 1884 318 1942 Ducere
332 1903 377 1941 me
392 1883 529 1956 auditum,
543 1901 645 1959 perges
658 1880 842 1959 qudcunque,
856 1892 1008 1940 memento.

204 1963 291 2037 Nam,
305 1963 432 2039 quamvis
445 1962 551 2019 referas
564 1961 684 2019 memori
698 1962 767 2019 mihi
781 1973 897 2038 pectore
910 1972 1026 2035 cuncta,
1114 1962 1155 2019 90

204 2042 273 2101 Non
286 2054 382 2100 temen
397 2042 534 2117 interpres
548 2042 717 2099 tantundem
729 2041 851 2117 juveris:
873 2042 947 2099 adde

204 2122 324 2180 Vultum
344 2122 526 2195 habitumque
540 2120 680 2190 hominis;
701 2139 787 2196 quern
799 2131 831 2177 tu
845 2120 948 2178 vidisse
962 2120 1063 2179 beatus

204 2201 272 2273 Non
286 2200 503 2277 magnipendis,
517 2199 583 2274 quia
596 2199 730 2275 contigit:
752 2199 865 2256 etmihi
878 2217 948 2257 cura

204 2279 272 2339 Non
286 2279 437 2337 mediocris
451 2278 536 2350 inest,
550 2278 642 2335 sontes
661 2288 694 2335 ut
704 2277 782 2335 adire
795 2287 918 2335 remotos

204 2358 299 2436 Atque
313 2359 426 2417 haurire
439 2375 542 2432 queam
557 2356 621 2414 vitae
634 2367 778 2434 precepta
791 2355 890 2413 boatae.
1115 2356 1155 2413 95

510 2582 808 2597 -—————-

560 2751 719 2811 SATIRA
732 2751 770 2812 V.

599 2940 718 2974 cussus.

203 3052 269 3111 lloc
282 3069 402 3128 quoque,
418 3048 540 3121 Tiresia,
554 3058 657 3124 praeter
670 3056 792 3119 narrata,
806 3046 915 3123 petenti

203 3130 369 3207 Responde,
382 3130 484 3204 quibus
498 3128 615 3185 amissas
628 3145 759 3201 reparare
773 3143 875 3201 queam
888 3144 935 3184 res

201 3212 322 3269 Artibus
336 3218 419 3284 atque
432 3208 532 3265 modis.
572 3204 655 3267 Quid
669 3205 766 3262 ridesl

593 3370 727 3405 unusne.

818 3455 837 3513 J
839 3476 923 3515 amne
936 3456 1034 3516 doloso

198 3540 407 3700 §ppicsprtqqest
419 3540 549 3599 Ithacam
563 3536 670 3611 revehi,
682 3537 844 3614 patriosque
857 3536 981 3595 Penates

596 3766 716 3801 cussus.

398 3854 426 3912 0
439 3853 509 3912 nulli
524 3854 676 3929 quidquam
694 3852 822 3925 mentite,
837 3852 916 3909 vides
929 3863 961 3911 ut
1131 3852 1152 3908 5

198 3936 306 3996 Nudus
320 3936 456 4012 inopsque
471 3934 586 3992 domum
600 3933 726 4004 redeam,
737 3942 765 3988 te
779 3942 842 3988 vete
850 3950 858 4003 ;
879 3950 971 4006 neque
985 3930 1044 3989 illic
