2617 4442
470 351 500 408 Q.
518 351 665 400 HORATII
681 352 807 405 FLAcct

341 494 482 570 Spargent
494 493 604 552 olivetis
617 496 744 569 odorem,

379 571 533 630 Fertilibus
546 574 662 632 domino
674 574 777 651 priori.

301 649 380 708 Tum
393 651 483 727 spissa
496 653 582 709 ramis
594 653 693 711 laurea
706 653 829 713 fervidos

300 729 442 788 Excludet
455 731 537 788 ictus.
578 731 646 790 Non
661 733 700 790 ita
713 733 832 791 Romuli

337 808 537 885 Praescriptum
550 822 579 869 et
592 808 699 870 intonsi
712 811 833 871 Catonis
896 859 903 866 .

378 888 534 964 Auspiciis,
548 901 731 967 veterumque
744 890 854 949 norml.

298 964 428 1024 Privatus
442 967 497 1025 illis
510 987 614 1027 census
627 981 689 1029 erat
703 970 804 1043 brevis,

298 1043 458 1104 Commune
472 1066 629 1123 magnum:
650 1049 730 1107 nulla
743 1049 927 1127 decempedis

337 1122 447 1182 llletata
458 1126 573 1201 privatis
586 1147 705 1203 opacam

376 1202 506 1262 Porticus
519 1207 680 1282 excipiebat
694 1208 825 1267 Arcton:

296 1278 327 1337 N
329 1299 363 1338 ec
377 1281 521 1342 fortuitum
535 1304 669 1362 spernere
683 1287 820 1363 cespitem

296 1359 390 1436 Leges
403 1362 543 1436 sinebant,
557 1366 662 1441 oppida
675 1365 790 1441 publico

337 1439 458 1516 Sumptu
469 1442 603 1516 jubentes
616 1454 644 1500 et
655 1445 773 1502 deorum

374 1519 499 1597 Templa
511 1541 585 1581 novo
598 1523 734 1581 decorare
747 1541 824 1582 saro.

436 1848 517 1878 ⁶-
536 1833 621 1892 ODE
634 1834 794 1893 XIII.-

511 1969 552 2009 ΑΒ
573 1971 744 2013 onosrnmr.

293 2067 399 2150 Ortum
413 2069 492 2150 divos
505 2071 629 2148 rogat,in
643 2073 753 2154 patenti

293 2148 418 2207 Prensus
432 2149 544 2227 AEgaeo,
559 2151 641 2209 simul
658 2163 719 2209 atra
731 2153 824 2211 nubes

293 2227 431 2288 Condidit
444 2229 552 2303 lunam,
566 2248 660 2306 neque
674 2243 752 2290 certa
764 2233 877 2310 fulgent

490 2310 592 2368 Sidera
599 2311 717 2384 nautis:

292 2385 393 2446 Otium
406 2388 481 2447 bello
495 2391 601 2448 furiosa
615 2390 742 2466 Thrace,

291 2466 393 2526 Otium
407 2467 489 2526 Medi
501 2470 634 2544 pharetra
649 2471 756 2543 decori,

291 2545 430 2622 Grospho,
445 2566 504 2604 non
517 2548 648 2621 gemmis
663 2568 756 2622 neque
769 2547 895 2626 pnrpurd
907 2568 954 2609 ve·

488 2626 565 2698 nale,
580 2644 674 2699 neque
689 2645 766 2684 auro.

290 2701 360 2761 Non
373 2703 451 2761 enim
465 2723 556 2778 gazae,
570 2723 662 2779 neque
676 2704 834 2763 consularis

292 2783 458 2840 Summovet
471 2783 552 2841 lictor
566 2783 685 2841 miseros
698 2785 837 2842 tumultus

291 2859 407 2935 Mentis,
422 2872 451 2920 et
464 2881 548 2919 curas
561 2863 691 2937 laqueata
703 2864 814 2920 circum

487 2940 581 2999 Tecta
596 2941 730 2999 volantes

289 3017 401 3077 Vivitur
414 3038 501 3095 parvo
514 3021 598 3092 bene,
612 3021 660 3078 cui
674 3032 824 3097 paternum

290 3097 428 3174 Splendet
440 3099 471 3156 in
484 3099 585 3156 mensal
598 3101 678 3157 tenui
692 3101 832 3159 salinum:

289 3174 446 3236 Nec'leves
460 3197 574 3238 somnos
587 3180 671 3237 timor
685 3197 734 3238 aut
748 3180 853 3257 cupido

488 3259 626 3316 Sordidus
640 3260 741 3318 aufert.

287 3334 370 3397 Quid
384 3337 462 3395 brevi
476 3339 562 3396 sortes
573 3338 733 3414 jaculamur
747 3359 806 3398 aevo

289 3412 402 3473 lllultal
442 3416 524 3477 Quid
539 3429 627 3474 terras
642 3419 697 3476 alio
711 3420 837 3477 calentes

289 3492 356 3552 Sole
369 3497 532 3551 mutamusl
573 3495 675 3553 Patriae
688 3498 751 3572 quis
764 3498 845 3556 exsul

486 3574 525 3630 Se
539 3592 649 3648 quoque
664 3574 756 3650 fugitl

289 3650 409 3709 Scandit
423 3662 522 3708 aeratas
535 3651 635 3710 vitiosa
647 3672 735 3711 naves

288 3729 382 3800 Cura3
404 3749 459 3789 nec
472 3741 580 3788 turmas
593 3732 720 3807 equitum
734 3731 877 3811 relinquit,

288 3805 378 3868 Ocior
391 3811 493 3882 cervis,
508 3821 537 3868 et
550 3821 653 3886 agente
667 3812 780 3870 nimbos

485 3887 573 3948 Ocior
588 3889 676 3949 Euro.
