2617 4442
488 417 518 474 Q.
536 415 683 466 HORATII
698 417 824 468 Fnaccr

318 558 424 638 Pacem
437 557 532 617 duello
543 560 665 619 miscuit.
696 559 725 619 Ο
737 561 845 638 pudorl

356 636 385 694 0
398 655 503 712 magna
516 638 670 715 Carthago,
684 641 826 717 probrosis

396 715 489 773 Altior
504 715 593 774 Italiae
607 718 697 775 ruinis
707 720 733 776 l”

317 792 419 851 Fertur
432 795 544 870 pudicae
558 796 689 872 conjugis
702 797 843 871 osculum,

316 871 478 948 Parvosque
492 884 583 947 natos,
597 885 629 932 ut
642 875 742 951 capitis
755 877 859 951 minor,

356 952 404 1010 Ab
418 971 449 1009 se
462 953 624 1026 removisse,
638 965 668 1012 et
680 954 789 1012 virilem

396 1029 509 1089 Torvus
523 1032 602 1089 humi
615 1033 744 1108 posuisse
757 1034 882 1092 vultum:

316 1108 418 1168 Donec
431 1110 562 1169 labantes
574 1112 694 1169 consilio
707 1123 801 1188 patres

315 1188 456 1247 Firmaret
470 1201 567 1248 auctor
581 1210 727 1266 nunquam
741 1189 812 1249 aliis
825 1191 902 1265 dato,

354 1267 489 1344 Interque
503 1280 654 1327 moerentes
669 1269 776 1327 amicos

392 1346 533 1424 Egregius
546 1361 710 1426 properaret
722 1348 810 1406 exsul.

315 1425 404 1502 Atqui
418 1427 601 1502 sciebatque
615 1428 669 1485 sibi
683 1429 819 1486 barbarus

314 1506 418 1563 Tortor
431 1518 558 1582 pararet:
579 1526 638 1564 non
652 1507 731 1564 aliter
745 1517 841 1564 tamen

352 1583 479 1642 Dimovit
492 1585 636 1643 obstantes
669 1585 850 1663 propinquos,

391 1663 430 1721 Et
442 1665 578 1740 populum
591 1665 699 1723 reditus
712 1675 880 1740 morantem,

312 1739 413 1802 Quam
427 1743 452 1799 si
466 1744 603 1802 clientum
617 1745 703 1821 longa
716 1745 832 1821 negotia

312 1819 478 1896 Dijudioatt
491 1821 540 1878 lite
554 1821 737 1898 relinqueret,

351 1898 492 1956 Tendens
505 1898 684 1958 Venafranos
698 1903 727 1959 in
742 1921 835 1980 agros,

389 1978 451 2037 Aut
464 1978 715 2038 Lacedaemonium
730 1980 898 2040 Tarentum.

564 2296 649 2354 ODE
670 2296 723 2356 vl.

546 2433 586 2473 An
600 2435 753 2477 common.

308 2533 446 2592 Dnnrc‘rn
459 2534 596 2609 majorum
611 2535 768 2593 immeritus
781 2537 854 2608 lues,

307 2612 450 2684 Romane,
467 2613 560 2668 donec
574 2613 679 2687 templa
691 2613 834 2687 refeceris,

345 2690 492 2765 AEdesque
506 2690 634 2748 labentes
648 2691 776 2764 deorum,
789 2703 819 2750 et

385 2769 476 2826 Foeda
489 2769 571 2845 nigro
582 2769 735 2827 simulacra
748 2771 835 2830 fumo.

306 2846 360 2906 Dis
374 2858 401 2906 te
415 2849 553 2906 minorem
567 2845 645 2925 quod
658 2849 743 2925 geris,
757 2850 891 2927 imperas:

305 2927 385 2984 Hinc
398 2946 482 2986 omne
495 2927 677 3003 principium,
692 2929 749 2984 huc
762 2931 836 2988 refer
849 2931 965 2990 exitum.

345 3003 384 3062 Di
398 3006 487 3063 multa
500 3006 624 3083 neglecti
636 3007 777 3066 dederunt

383 3084 531 3160 Hesperia
545 3086 620 3144 mala
633 3086 779 3144 luctuose.

304 3163 323 3221 J
324 3182 369 3221 am
384 3164 427 3222 bis
440 3163 584 3223 Monaeses
598 3176 626 3223 et
639 3165 741 3223 Pacori
754 3185 858 3224 manus

302 3243 371 3302 Non
386 3244 544 3322 auspicatos
558 3245 689 3303 contudit
699 3245 821 3321 impetus

342 3323 472 3398 Nostros,
487 3336 515 3384 et
528 3325 668 3402 adjecisse
683 3325 808 3400 praedam

380 3402 543 3478 Torquibus
557 3403 668 3478 exiguis
681 3405 800 3462 renidet.

300 3477 380 3538 Pane
394 3492 562 3555 occupatam
577 3482 765 3540 seditionibus

300 3557 413 3616 Delevit
427 3561 525 3615 urbem
540 3558 638 3616 Dacus
652 3571 682 3617 et
696 3560 847 3640 AEthiops3

340 3637 400 3694 Hic
414 3637 504 3694 classe
519 3638 695 3711 formidatus,
709 3640 757 3698 ille

378 3715 535 3775 Missilibus
548 3718 647 3775 melior
662 3718 779 3793 sagittis.

301 3793 449 3854 Foecunda
462 3796 554 3872 culpae
569 3797 674 3854 saecula
687 3799 802 3873 nuptias

299 3872 427 3932 Primum
442 3874 626 3950 inquinavere
640 3887 669 3935 et
682 3896 774 3952 genus
787 3888 817 3936 et
830 3877 947 3936 domos:

337 3953 404 4012 Ilcc
418 3955 494 4013 fonte
508 3956 633 4014 derivata
647 3957 743 4014 clades

1118 2855 1140 2912 5
