2617 4442
194 365 249 424 11⁰
512 361 543 418 Q·
561 360 709 411 HORATII
726 360 859 411 FLACCI.

228 505 318 569 Quod
332 524 421 581 puero
434 505 550 580 cecinit,
565 503 664 563 divine
676 503 752 564 moti
766 523 839 562 anus
851 503 940 562 urnd:
1148 509 1192 567 30

230 586 341 643 ‘Hunc
354 605 447 662 neque
461 586 524 645 dira
536 604 658 658 venena,
672 604 729 643 nec
742 584 868 642 hosdem
882 584 992 642 auferet
1005 586 1094 660 ensis,

230 663 261 722 N
262 684 297 723 ec
305 664 432 724 'laterum
445 665 534 739 dolor,
549 674 599 723 aut
611 664 707 738 tussis,
721 683 777 721 nec
790 664 872 721 tarda
883 665 1026 740 podagra3

230 744 369 803 Garrulus
383 747 462 803 huuc
475 745 590 821 quando
603 755 754 802 consumet
768 762 897 819 cunque:
919 743 1065 819 loquaces,

231 824 264 882 Si
277 824 378 900 sapiat,
392 825 470 897 vitet,
484 824 567 882 simul
582 833 666 899 atque
680 822 833 882 adoleverit
847 825 932 880 retas)
948 824 965 850 ''

270 904 398 961 Ventum
412 914 473 962 erat
486 905 523 962 sd
537 903 643 975 Vester,
657 902 756 980 quarm
767 901 827 978 jam
841 914 920 978 parte
934 902 992 960 diei
1144 906 1188 962 35

230 982 397 1055 Preteritd3
418 994 448 1041 et
461 1002 540 1056 casu,
555 993 625 1041 tunc
638 982 809 1059 respondere
824 983 925 1040 vadato

231 1060 378 1120 Debebat:
399 1064 475 1139 quod
488 1063 519 1121 ni
533 1062 656 1134 fecisset,
670 1062 789 1138 perdere
803 1061 891 1119 litem.

231 1142 293 1199 “Si
306 1161 352 1199 me
366 1143 473 1214 amas,”
489 1141 590 1217 inquit,
603 1146 621 1173 ‘⁴
633 1139 751 1218 paulum
766 1139 816 1198 hic
830 1141 926 1197 ades.”
963 1144 982 1171 “
991 1138 1147 1214 Inteream,
1159 1143 1185 1202 si

230 1221 292 1277 Aut
305 1221 385 1279 valeo
398 1233 482 1295 stare,
497 1232 546 1279 aut
559 1222 624 1279 novi
639 1220 732 1279 civilia
744 1219 824 1297 jura!
1104 1222 1108 1230 '

230 1298 269 1357 Et
279 1319 398 1376 propero
406 1298 463 1376 qud
472 1300 556 1359 scis.'’
579 1300 719 1358 “Dubius
730 1320 793 1357 sum
805 1299 873 1375 quid
884 1299 1015 1371 faciam,”
1025 1299 1118 1376 inquit
1127 1322 1134 1371 ;
1143 1303 1185 1359 to

223 1384 248 1462 ,“
259 1378 344 1436 Tene
353 1380 520 1456 relinquam,
533 1400 570 1438 sn
579 1381 668 1439 rem.'’
697 1383 714 1410 “
727 1378 787 1452 Me,
797 1380 908 1437 sodes.”
939 1383 957 1409 ‘⁴
965 1378 1036 1437 Non
1045 1380 1182 1455 saciam,''

309 1458 373 1531 ille;

229 1537 268 1595 Et
281 1536 443 1614 pr'aecedere
457 1539 551 1615 coepit.
592 1538 666 1615 Ego,
680 1548 711 1596 ut
726 1534 900 1596 contendere
914 1538 1017 1595 durum
1030 1549 1075 1596 est

231 1617 307 1675 Cum
317 1619 433 1692 victore,
447 1638 557 1694 sequor.
599 1623 618 1650 “
632 1618 777 1676 mecenas
792 1616 933 1693 quomo'do
947 1629 1040 1675 tecum
1049 1619 1080 1675 l''

231 1697 311 1755 Hinc
325 1698 435 1774 repetit
457 1703 475 1729 ‘⁴
491 1699 652 1756 Paucorum
667 1698 825 1770 hominum,
836 1708 866 1755 et
879 1698 983 1754 mentis
997 1697 1071 1756 bene
1084 1718 1182 1757 sanae:

230 1774 326 1834 Nemo
339 1774 484 1836 dexterius
497 1778 611 1836 fortuni
625 1789 668 1836 est
682 1778 778 1835 usus.”
820 1780 839 1807 ‘⁴
855 1776 986 1833 Haberes
1140 1781 1182 1836 45

230 1854 370 1931 Magnum
386 1856 551 1933 adjutorem,
565 1869 661 1933 posset
674 1857 721 1933 qui
737 1856 809 1914 ferre
823 1857 975 1927 secundas,

229 1934 319 1991 Hunc
333 1936 478 1993 hominem
492 1936 578 1993 velles
592 1937 616 1994 si
627 1938 757 2005 tradere3
779 1936 948 2011 dispeream,
963 1936 993 1994 ni

230 2012 411 2073 Summdsses
425 2016 552 2073 omnes.”
595 2020 613 2047 “
627 2014 659 2073 N
660 2036 698 2074 on
713 2015 767 2073 isto
781 2015 900 2072 vivimus
913 2015 982 2087 illic,

228 2091 299 2154 Quo
311 2103 343 2151 tu
356 2113 428 2168 rere,
443 2096 544 2153 modo:
566 2095 668 2153 domus
681 2095 737 2152 hdc
750 2114 806 2151 nec
819 2095 914 2171 purior
928 2095 986 2152 ulla
999 2105 1050 2167 est,

229 2169 295 2229 Nec
308 2170 400 2250 magis
414 2174 458 2233 his
472 2175 566 2233 eliens
580 2175 679 2233 malis:
700 2174 740 2232 nil
755 2172 795 2231 mi
808 2174 897 2232 officit
910 2193 1045 2250 unquam,
1139 2177 1181 2233 50

229 2250 323 2311 Ditior
338 2254 395 2327 hic,
410 2266 459 2313 aut
472 2265 515 2313 est
529 2254 595 2331 quia
609 2253 736 2312 doctior:
758 2264 802 2311 est
814 2254 894 2312 locus
909 2254 970 2311 uni·

228 2332 333 2409 cuique
347 2335 443 2392 suus.”
472 2334 640 2411 “Magnum
653 2353 762 2405 narras,
777 2334 823 2391 vix
836 2333 999 2390 credibile.”
1029 2334 1147 2410 “Atqui

229 2412 279 2469 Sic
296 2413 409 2472 habet.''
431 2419 450 2446 “
465 2415 613 2473 Accendis
626 2433 713 2490 quare
727 2414 841 2490 cupiam
855 2409 948 2488 magis
961 2413 1001 2469 illi

229 2490 380 2551 Proximus
393 2495 483 2553 esse.’'
519 2498 538 2525 ‘⁴
553 2494 634 2551 Velis
647 2493 860 2562 tantummod03
881 2511 945 2567 quae
958 2503 1007 2550 tua
1020 2491 1117 2566 virtus,

228 2568 430 2648 Expugnabis:
451 2583 480 2631 et
494 2574 599 2648 estqui
613 2572 689 2629 vinci
700 2572 804 2649 possit3
825 2591 916 2647 ecque
1139 2574 1180 2631 55

229 2648 368 2708 Difficiles
381 2652 475 2709 editus
487 2652 593 2727 primos
608 2652 721 2710 habet.’'
763 2656 782 2683 “
798 2651 886 2708 Haud
900 2651 970 2708 mihi
984 2652 1086 2710 deero:

228 2726 398 2787 Muneribus
412 2750 507 2789 servos
520 2750 718 2808 corrumpem;
740 2750 809 2805 non,
824 2730 909 2789 hodie
923 2732 948 2787 si

227 2804 369 2867 Exclusus
384 2810 473 2883 fuero,
487 2810 621 2868 desistam
633 2831 640 2881 ;
675 2821 804 2887 tempora
816 2830 957 2886 quaeram:

227 2886 387 2947 Occurram
400 2889 431 2947 in
444 2888 549 2960 triviis;
571 2890 721 2948 deducam.
763 2889 813 2947 Nil
827 2890 890 2949 sine
904 2908 1008 2966 magno

226 2964 295 3025 Vita
305 2967 400 3027 labore
414 2970 494 3027 dedit
506 2970 701 3027 mortalibus.’'
736 2970 810 3027 Haec
824 2971 892 3028 dum
907 2971 975 3046 agit,
989 2988 1060 3027 ecce
1139 2971 1179 3029 60

226 3043 339 3105 Fuscus
353 3049 476 3107 Aristius
489 3049 624 3121 occurrit,
638 3049 709 3107 mihi
723 3068 817 3122 carus,
831 3060 861 3107 et
874 3050 953 3106 illum

225 3125 288 3185 Qui
299 3126 417 3205 pulchre
432 3128 537 3187 nisset.
572 3128 772 3188 Consistimus.
807 3128 920 3186 “Unde
934 3128 1053 3187 venisl''
1067 3144 1098 3186 ct

230 3210 249 3237 “
260 3205 330 3269 Qud
345 3210 440 3268 tendis
447 3211 478 3267 l’'
500 3220 581 3286 rogat
593 3229 600 3280 ;
622 3220 651 3269 et
664 3210 825 3285 respondet.
860 3208 975 3266 Vellere
988 3207 1073 3285 coepi,

226 3287 264 3346 Et
276 3306 410 3364 prensare
424 3308 512 3347 manu
525 3289 683 3347 lentissima
696 3289 823 3360 brachia,
837 3299 952 3359 nutans,

225 3367 412 3443 Distorquens
425 3370 533 3441 oculos,
548 3380 579 3426 ut
592 3388 638 3426 me
651 3368 774 3446 eriperet
785 3387 800 3424 :-
813 3365 888 3425 male
903 3367 993 3423 salsus
1139 3366 1179 3424 65

225 3446 340 3504 Ridens
353 3448 548 3506 dissimulare:
569 3466 666 3505 meum
677 3447 759 3523 jecur
773 3466 856 3505 urere
873 3446 944 3503 bilis.

225 3525 342 3583 “Certe
355 3527 453 3585 nescio
466 3527 534 3601 quid
548 3537 658 3585 secreto
673 3527 744 3584 velle
754 3526 830 3602 loqui
844 3538 873 3584 te

225 3604 333 3663 Aiebas
347 3607 488 3663 mecum.”
526 3604 678 3664 “Memini
693 3607 782 3676 bene;
804 3608 854 3664 sed
869 3604 978 3663 meliori

225 3682 369 3760 Tempore
383 3686 494 3743 dicam:
516 3684 600 3742 hodie
613 3685 758 3742 tricesima
770 3687 888 3744 sabbata
896 3706 903 3756 ;
925 3684 982 3742 vin'
997 3694 1029 3741 tu

224 3763 322 3821 Curtis
336 3764 446 3822 Judoeis
458 3764 599 3840 oppedere
610 3765 640 3821 l”
677 3764 796 3822 “Nulla
810 3765 909 3837 mihi,''
932 3765 1058 3838 inquam,
1137 3763 1176 3820 70

225 3848 244 3875 “
254 3843 381 3919 Relligio
395 3844 464 3901 est.’'
499 3844 571 3900 “At
585 3842 641 3901 mi:
663 3863 726 3900 sum
741 3842 826 3920 pauld
842 3843 988 3913 infirmior,
1002 3860 1079 3899 unus

225 3921 401 3982 Multorum:
424 3923 570 4000 ignosces;
592 3920 663 3981 aliis
676 3922 801 3998 loquar.”
837 3927 855 3953 “
869 3921 1026 3979 Hunccine
1040 3920 1129 3979 solem
