2617 4442
469 355 500 412 o.
518 353 665 404 noarru
681 353 806 404 rmccr
877 421 881 426 ι

380 496 510 573 Tempus
522 496 687 554 Amazoniis
700 494 794 553 securi

301 576 423 634 Dextras
435 577 571 648 obarmet,
585 593 711 650 querere
723 572 820 631 distuli

303 653 382 733 (Nec
396 654 469 711 scire
483 653 525 710 sas
539 665 583 711 est
595 652 725 731 omnia):
745 653 796 709 sed
810 651 861 710 diu

339 730 469 808 Latdque
482 732 613 789 victrices
625 742 756 803 catervae,

349 862 352 868 .
380 810 515 868 Consiliis
526 810 638 885 juvenis
651 809 775 880 revictae,

300 887 424 947 Sensbre
438 888 505 964 quid
519 907 601 946 mens
614 885 680 960 rite,
693 887 762 963 quid
776 885 903 960 indoles,

299 966 330 1025 N
331 969 417 1025 utrita
430 967 529 1026 faustis
542 967 595 1024 sub
608 965 810 1042 penetralibus,

339 1045 448 1118 Posset,
462 1046 530 1120 quid
544 1045 671 1120 Augusti
683 1055 819 1119 paternus

377 1123 413 1181 In
426 1142 529 1199 pueros
543 1124 655 1182 animus
669 1122 810 1181 Nerones.

299 1201 400 1261 Fortes
414 1213 545 1260 creantur
560 1201 695 1271 fortibus;
716 1211 746 1258 et
758 1199 842 1258 bonis

299 1281 352 1339 Est
365 1282 395 1338 in
405 1280 545 1357 juvencis,
559 1280 645 1338 estin
659 1278 748 1354 equis,
762 1290 875 1355 patrum

340 1359 455 1417 Virtus:
476 1377 531 1416 nec
544 1358 689 1416 imbellem
700 1358 809 1415 seroces

379 1437 574 1513 Progenerant
587 1437 687 1511 aquilae
701 1436 871 1494 columbam.

300 1516 440 1574 Doctrina
453 1517 504 1574 sed
518 1515 574 1573 vim
587 1525 733 1592 promovet
746 1515 870 1589 insitam,
896 1587 899 1592 .

299 1595 444 1671 Rectique
458 1595 551 1652 cultus
563 1605 680 1670 pectora
691 1593 839 1652 roborant:

340 1675 493 1749 Utcunque
508 1671 641 1731 defecere
655 1692 757 1744 mores,

280 1793 281 1796 ,
379 1751 553 1810 Indecorant
566 1752 639 1809 bene
653 1762 721 1808 nata
734 1751 833 1826 culpae.

299 1830 382 1891 Quid
396 1830 510 1901 debeas,
524 1849 542 1886 o
555 1827 662 1901 Roma,
676 1829 853 1901 Neronibus,

299 1907 397 1965 Testis
410 1906 576 1966 Metaurum
590 1905 707 1978 flumen,
720 1917 749 1964 et
763 1905 928 1965 Hasdrubal

338 1985 487 2058 Devictus,
500 1996 530 2044 et
541 1986 661 2060 pulcher
675 1985 779 2060 fugatis

379 2063 432 2122 Ille
446 2065 509 2122 dies
521 2064 604 2122 Latio
617 2063 753 2136 tenebris,

299 2141 363 2204 Qui
375 2144 483 2219 primus
491 2143 571 2200 -almd
583 2142 645 2200 risit
658 2142 771 2215 adoret,

299 2220 387 2279 Dirus
399 2241 449 2298 per
462 2222 549 2279 urbes
562 2221 633 2279 Afer
647 2230 679 2278 ut
692 2219 789 2292 Italas,

340 2299 404 2359 Ceu
418 2295 532 2358 flamma
543 2319 594 2377 per
608 2301 707 2372 taedas,
722 2299 765 2357 vel
779 2298 875 2358 Eurus

380 2379 435 2437 Per
450 2380 563 2437 Siculas
576 2378 713 2453 equitavit
725 2378 826 2435 undas.

300 2459 369 2518 Post
381 2459 437 2516 hoc
450 2459 584 2517 secundis
597 2476 688 2532 usque
701 2457 844 2514 laboribus

301 2537 438 2596 Romana
450 2537 541 2611 pubes
546 2535 652 2607 torevit,
667 2545 696 2592 et
709 2535 796 2611 impio

340 2615 459 2674 Vastata
472 2612 627 2670 Poenorum
640 2611 764 2668 tumultu

378 2691 460 2750 Fana
473 2691 542 2748 deos
556 2688 682 2748 habuere
695 2700 796 2748 rectos.

234 2832 237 2838 ,
299 2770 436 2845 Dixitque
455 2769 571 2827 tandem
584 2769 709 2845 perfidus
722 2769 886 2828 Hannibal:

300 2854 318 2881 ‘⁴
333 2849 572 2924 Cervi,luporu1n
586 2847 683 2923 praeda
696 2848 853 2924 rapacium,

340 2928 490 2985 Sectamur
504 2926 577 2984 ultro
590 2945 660 3001 quos
673 2927 785 3003 opimus

379 3004 491 3063 Fallere
505 3015 534 3063 ct
547 3004 675 3081 effugere
688 3016 732 3063 est
744 3006 913 3083 triumphus.

298 3084 389 3158 Gens,
403 3103 465 3159 quae
479 3095 604 3142 cremato
617 3083 697 3141 fortis
710 3083 747 3140 ab
759 3082 824 3158 Ilio,

298 3162 318 3220 J
319 3173 412 3221 actata
425 3163 532 3220 Tuscis
545 3163 706 3238 aequcribus
720 3181 810 3236 sacra,

339 3243 495 3318 Notosque,
509 3252 691 3317 maturosque
704 3253 808 3317 patres,

377 3321 498 3379 Pertulit
511 3321 657 3378 Ausonias
671 3319 706 3377 ad
720 3320 815 3394 urbes,

298 3398 386 3457 Duris
399 3410 432 3457 ut
445 3400 501 3457 ilex
513 3410 596 3456 tonsa
609 3399 782 3473 bipennibus

297 3476 397 3553 Nigrae
411 3477 498 3534 feraci
512 3477 619 3534 frondis
633 3477 663 3534 in
677 3476 794 3552 Algido,

338 3554 393 3612 Per
404 3555 518 3625 damna,
532 3573 582 3629 per
596 3555 700 3626 caedes,
714 3555 826 3630 abipso

377 3631 466 3690 Ducit
478 3649 547 3707 opes
560 3631 743 3707 animumque
757 3633 838 3691 ferro.

234 3762 238 3767 .
298 3710 366 3769 Non
379 3709 481 3784 Hydra
494 3719 571 3767 secto
585 3729 702 3785 corpore
715 3711 821 3770 firmior

298 3789 385 3849 Vinci
399 3787 543 3846 dolentem
555 3788 645 3845 crevit
659 3789 689 3845 in
703 3787 877 3862 Herculem

337 3866 532 3924 Monstrumve
547 3865 704 3924 submisere
718 3867 820 3926 Colchi

376 3944 481 4022 Majus‚
495 3943 679 4003 Echioniaeve
692 3945 811 4004 Thebae.
