2617 4442
496 361 697 413 CARMINUM
713 361 780 410 LIB.
798 362 837 411 1v

370 505 417 564 Te
430 505 574 564 belluosus
587 505 635 580 qui
648 504 765 563 remotis

409 583 556 661 Obstrepit
569 583 706 642 Oceanus
718 583 875 656 Britannis,

331 663 378 722 Te
391 681 450 722 non
462 663 591 739 paventis
605 663 706 722 funera
719 662 820 720 Galliae

330 741 475 818 Duraque
488 740 572 799 tellus
585 743 666 800 audit
678 741 797 799 Iberiae:

370 820 417 879 Te
431 821 510 878 cede
524 820 683 896 gaudentes
693 818 835 877 Sicambri
930 826 933 830 “

408 898 582 976 Compositis
595 910 767 958 venerentur
780 897 877 956 armis.

576 1210 661 1270 ODE
680 1210 766 1270 XIV.

537 1349 668 1391 suausrr
681 1348 807 1389 munes.

329 1450 463 1509 Patruus
476 1450 617 1509 volentem
629 1448 730 1525 proelia
741 1468 789 1508 me
802 1449 878 1526 loqui

330 1529 430 1588 Victus
442 1539 473 1587 et
484 1529 569 1589 urbes
583 1528 726 1604 increpuit
738 1528 809 1605 lyra,

369 1607 418 1666 Ne
431 1627 517 1684 parva
531 1606 716 1684 Tyrrhenum
729 1627 780 1682 per
795 1627 890 1683 aequor

407 1686 481 1745 Vela
495 1688 600 1744 darom.
634 1686 713 1758 Tua,
727 1687 834 1761 Cesar,
849 1697 918 1746 atas

329 1766 442 1841 Fruges
454 1775 484 1822 et
496 1765 572 1841 agris
585 1764 693 1822 rettulit
706 1765 817 1839 uberes,

329 1842 368 1903 Et
381 1845 464 1919 signa
477 1854 573 1900 nostro
587 1843 709 1900 restituit
722 1842 740 1899 J
742 1844 787 1901 ovi

368 1920 488 1997 Direpta
501 1921 670 1979 Parthorum
683 1921 812 1996 superbis

406 1999 549 2072 Postibus,
564 2012 594 2058 et
606 2018 729 2058 vacuum
743 2000 845 2059 duellis

327 2077 346 2139 J
347 2097 434 2137 anum
447 2078 565 2143 Quirini
579 2079 691 2151 clausit,
704 2088 735 2136 et
746 2080 876 2138 ordinem

328 2158 456 2216 Rectum
469 2168 499 2216 et
513 2159 626 2234 vaganti
640 2158 729 2216 frena
741 2157 866 2219 licentiae

367 2236 481 2314 Injecit,
495 2237 654 2314 emovitque
668 2237 777 2313 culpas,

406 2317 445 2375 Et
458 2327 567 2375 veteres
580 2317 723 2374 revocavit
735 2327 819 2390 artes,

327 2396 383 2454 Per
397 2415 468 2472 quas
481 2396 616 2454 Latinum
630 2415 736 2455 nomen
750 2405 779 2454 et
791 2394 871 2454 Itale

328 2474 452 2535 crevere
466 2476 549 2547 vires,
563 2476 693 2550 famaque
704 2485 733 2532 et
746 2473 847 2551 imperi

366 2554 502 2613 Porrecta
514 2553 647 2627 majestas
661 2553 697 2608 ad
711 2563 804 2610 ortum

405 2631 480 2690 Solis
494 2632 531 2688 ab
543 2631 686 2706 Hesperio
699 2630 795 2688 cubili.

327 2709 454 2769 Custode
464 2727 559 2766 rerum
573 2708 699 2782 Caesare,
713 2727 771 2767 non
783 2709 860 2768 firror

327 2787 436 2862 Civilis,
450 2798 500 2846 aut
513 2788 555 2845 vis
568 2787 674 2845 eximet
686 2788 793 2859 otium;

365 2865 396 2923 N
397 2886 435 2925 on
448 2867 499 2939 ira,
513 2885 576 2941 quae
590 2867 721 2942 procudit
733 2886 827 2940 enses,

404 2945 443 3004 Et
456 2946 573 3004 miseras
586 2945 715 3005 inimicat
728 2946 822 3004 urbes.

324 3025 394 3084 Non
407 3025 456 3101 qui
468 3025 640 3104 profundum
653 3024 820 3082 Danubium
834 3024 936 3086 bibunt

324 3105 427 3163 Edicta
437 3117 570 3181 rumpent
582 3104 601 3161 J
604 3105 670 3177 ulia,
684 3124 742 3163 non
752 3104 844 3178 Getae,

363 3183 435 3241 Non
450 3185 544 3257 Seres,
558 3183 674 3241 infidive
687 3183 792 3257 Persas,

402 3262 471 3322 Non
486 3263 612 3322 Tanaim
625 3281 713 3340 prope
727 3262 833 3321 flumen
846 3261 910 3322 orti.

324 3340 442 3418 Nosque
455 3353 485 3400 et
496 3343 626 3418 profestis
638 3342 752 3400 lucibus
765 3351 796 3400 et
808 3341 907 3415 sacris,

324 3419 405 3479 Inter
417 3421 508 3496 jocosi
521 3440 641 3478 munera
653 3420 761 3493 Liberi,

363 3498 440 3557 Cum
452 3499 530 3575 prole
543 3499 737 3573 matronisque
750 3499 865 3573 nostris,

401 3575 473 3635 Rite
487 3577 556 3634 deos
567 3575 646 3653 prius
661 3579 814 3655 apprecati,

323 3655 436 3712 Virtute
449 3653 571 3728 firnctos,
581 3674 660 3714 more
672 3669 794 3734 patrum,
809 3658 907 3730 duces,

323 3731 411 3809 Lydis
424 3733 544 3792 remixto
558 3735 684 3794 carmine
698 3736 785 3808 tibiis,

362 3811 536 3889 Troiamque
549 3824 578 3872 et
591 3813 750 3885 Anchisen,
764 3823 794 3871 et
806 3813 889 3871 alme

319 3900 321 3912 '
401 3891 572 3969 Progeniem
585 3891 708 3950 Veneris
717 3910 863 3950 canemus.
884 3907 887 3911 ·
