2617 4442
529 452 535 465 Ι
572 373 637 423 ARS
655 375 812 426 POETIOA.

273 520 423 581 AEmilium
437 518 515 577 circa
527 518 627 577 ludum
641 518 720 576 faber
733 518 809 577 imus
822 530 852 578 et
864 531 977 599 ungues

234 600 382 677 Exprimet
395 609 425 657 et
437 598 537 660 molles
550 598 706 656 imitabitur
720 615 776 657 aere
789 600 923 675 capillos;

235 680 338 739 Infelix
349 679 444 755 operis
454 678 577 751 summi,
590 678 658 754 quia
671 697 776 753 ponere
790 689 880 737 totum

234 759 372 818 Nesciet:
393 760 472 815 hunc
485 774 540 834 ego
553 776 610 831 me,
625 758 649 815 si
663 756 731 832 quid
745 777 917 834 componere
930 779 1041 837 curem,

234 837 303 897 Non
317 834 410 914 magis
423 855 485 895 esse
499 836 593 909 velim,
608 834 696 912 qudm
708 855 794 912 pravo
807 838 901 897 vivere
914 859 995 914 naso,

235 918 430 995 Spectandum
443 916 533 993 nigris
545 916 646 988 oculis,
661 914 799 992 nigroque
812 918 922 994 capillo.

275 996 387 1055 Sumite
400 995 549 1054 materiam
564 996 674 1068 vestris,
687 996 737 1072 qui
751 996 883 1071 scribitis,
899 1016 1009 1075 requam

235 1077 352 1135 Viribus
360 1096 368 1147 ;
390 1086 420 1134 et
431 1086 539 1133 versate
553 1074 603 1132 diu
617 1074 685 1150 quid
700 1075 773 1133 ferre
786 1088 929 1149 recusent,

233 1156 316 1219 Quid
330 1154 442 1214 valeant
455 1154 582 1212 humeri:
604 1154 652 1211 cui
666 1153 742 1212 lecta
750 1165 883 1231 potenter
897 1157 951 1215 erit
964 1176 1020 1232 res,

234 1235 299 1294 Nec
314 1235 449 1293 facundia
462 1235 574 1292 deseret
587 1234 675 1307 hunc,
690 1253 745 1291 nec
759 1235 871 1292 lucidus
883 1236 961 1295 ordo.

274 1314 394 1373 Ordinis
407 1315 470 1371 haec
483 1313 572 1371 virtus
584 1313 638 1371 erit
650 1323 681 1371 et
694 1331 793 1387 venus,
807 1324 857 1372 aut
870 1334 924 1391 ego
938 1316 1028 1391 fallor,

234 1392 274 1453 Ut
285 1394 345 1471 jam
359 1404 438 1451 nunc
453 1392 539 1465 dicat,
551 1392 610 1468 jam
625 1410 705 1449 nunc
719 1393 854 1451 debentia
866 1394 924 1451 dici

235 1472 376 1549 Pleraque
388 1470 510 1543 differat,
524 1481 554 1528 et
566 1490 693 1547 presens
706 1471 737 1529 in
749 1482 862 1549 tempus
875 1473 994 1532 omittat

277 1552 315 1610 In
329 1550 421 1609 verbis
434 1550 520 1608 etiam
533 1548 629 1607 tenuis
642 1560 800 1625 cautusque
813 1552 951 1625 serendis,

236 1631 305 1690 Hoc
319 1641 404 1704 amet,
418 1629 473 1687 hoc
487 1638 603 1706 spernat
615 1629 746 1705 promissi
760 1630 896 1688 carminis
910 1642 1017 1691 auctor.

235 1710 352 1769 Dixeris
365 1704 491 1785 egregie,
506 1718 604 1766 notum
619 1708 644 1765 si
657 1708 761 1767 callida
770 1710 888 1767 verbum

235 1789 409 1848 Reddiderit
418 1788 554 1865 junctura
567 1790 681 1845 novum.
722 1789 755 1846 Si
769 1786 840 1847 forte
855 1808 974 1849 necesse
987 1801 1031 1850 est

235 1868 356 1928 Iudiciis
370 1877 527 1926 monstrare
540 1867 704 1925 recentibus
717 1868 814 1927 abdita
827 1887 932 1944 rerum,

136 1985 152 2006 a
236 1949 361 2027 Fingere
374 1946 510 2006 cinctutis
523 1966 581 2005 non
595 1947 729 2004 exaudita
742 1947 880 2025 Cethegis

235 2028 406 2104 Continget:
427 2026 595 2103 dabiturque
608 2026 727 2085 licentia
740 2038 852 2103 sumpta
860 2029 1000 2105 pudenter
1014 2049 1021 2088 :

236 2106 275 2166 Et
288 2125 361 2165 nova
374 2107 495 2181 fictaque
509 2124 600 2183 nuper
613 2106 762 2165 habebunt
775 2107 970 2181 aethalidem,
982 2110 1007 2167 si

236 2188 339 2245 Graecc
354 2186 430 2244 fonte
444 2186 557 2257 cadant,
569 2182 654 2260 parce
670 2186 788 2243 detorta
828 2184 911 2247 Quid
926 2198 1022 2246 autem

236 2266 355 2325 Caecilio
367 2264 524 2340 Plautoque
538 2264 617 2323 dabit
630 2264 783 2322 Romanus
796 2265 960 2341 ademptum

236 2345 358 2423 Virgilio
372 2344 536 2418 Varioquel
555 2362 610 2419 ego
623 2361 686 2415 cur,
701 2344 847 2419 acquirere
857 2363 950 2420 pauca

237 2425 270 2485 si
283 2441 408 2503 possum,
422 2423 560 2495 invideor,
574 2441 662 2497 quum
675 2422 774 2498 lingua
787 2422 906 2481 Catonis
918 2434 948 2481 et
962 2423 1040 2482 Enni

238 2506 406 2564 Sermonem
419 2502 542 2579 patrium
556 2501 696 2574 ditaverit,
710 2512 739 2559 et
752 2521 826 2559 nova
839 2519 934 2560 rerum

237 2584 365 2643 Nomina
378 2581 545 2659 protuleritl
585 2580 682 2639 Licuit
694 2600 861 2658 semperque
874 2582 973 2642 licebit

238 2666 389 2741 Signatum
402 2672 541 2738 presente
555 2661 623 2719 noti
636 2662 794 2738 producere
807 2680 922 2720 nomen.

237 2744 276 2802 Ut
290 2743 367 2801 silvae
381 2741 455 2800 foliis
468 2759 572 2818 pronos
585 2751 731 2798 mutantur
745 2742 776 2798 in
789 2760 890 2814 annos,

237 2823 335 2882 Prima
347 2822 470 2891 cadunt3
491 2820 531 2878 ita
544 2821 694 2879 verborum
708 2831 788 2879 vetus
802 2820 899 2879 interit
911 2832 990 2895 retus,

238 2902 277 2961 Et
287 2902 423 2979 juvenum
436 2900 492 2957 ritu
506 2899 607 2958 florent
620 2897 707 2959 modo
721 2910 797 2973 nata,
809 2900 970 2976 vigentque.

238 2978 384 3041 Debemur
397 2980 481 3038 morti
496 2997 548 3037 nos
561 2992 729 3054 nostraque3
750 2980 809 3037 sive
820 2994 952 3057 receptus

238 3060 332 3120 'l'errd
345 3059 500 3135 Neptunus
513 3058 619 3115 classes
633 3058 825 3134 Aquilonibus
838 3070 926 3131 arcet,

238 3139 331 3217 Regis
343 3156 432 3215 opus3
453 3136 610 3213 sterilisque
624 3137 675 3194 diu
687 3137 780 3212 palus,
794 3148 914 3213 aptaque
927 3136 1023 3209 remis,

238 3220 358 3279 Vicinas
372 3216 456 3275 urbes
469 3215 519 3272 alit
531 3228 560 3273 et
573 3234 659 3291 grave
672 3215 758 3273 sentit
771 3226 895 3273 aratrum
906 3235 914 3284 ;

239 3302 298 3359 Seu
313 3313 429 3356 cursum
443 3294 562 3353 mutavit
575 3294 706 3369 iniquum
720 3293 850 3370 frugibus
863 3293 965 3367 amnis,

238 3379 349 3438 Doctus
362 3376 416 3447 iter
429 3372 540 3431 melius.
581 3372 715 3431 Mortalia
728 3373 804 3430 sacta
815 3372 965 3449 peribuut;

239 3458 357 3517 Nedum
371 3471 534 3513 sermonum
549 3463 603 3511 stet
618 3452 720 3525 honos,
734 3462 764 3511 et
776 3453 868 3529 gratia
881 3452 970 3511 vivax.

240 3536 333 3596 Multa
345 3542 532 3593 renascentur
545 3550 608 3610 quae
619 3531 679 3609 jam
693 3530 836 3607 cecidere,
850 3533 1010 3610 cadentque
1151 3536 1190 3593 7⁴0

238 3617 316 3681 Quae
329 3632 410 3674 nunc
423 3611 534 3670 suntin
548 3612 666 3685 honore,
679 3611 826 3686 vocabula,
841 3613 865 3670 si
878 3613 953 3671 volet
965 3632 1044 3687 usus,

238 3696 337 3759 Quem
350 3712 440 3771 penes
454 3691 600 3750 arbitrium
614 3702 701 3750 estet
710 3692 801 3769 juset
814 3712 914 3751 norma
926 3693 1069 3769 loquendi.

279 3776 342 3835 Res
355 3783 443 3850 gestae
456 3790 612 3849 regumque
627 3773 789 3849 ducumque
813 3784 842 3830 et
854 3772 946 3831 tristia
958 3773 1032 3830 bella

238 3855 309 3925 Quo
322 3852 408 3911 scribi
421 3861 538 3928 possent
548 3870 674 3923 numero,
681 3852 847 3911 monstravit
861 3852 1013 3909 Homerus.

279 3932 418 3993 Versibus
432 3930 576 4009 impariter
587 3930 696 4009 junctis
709 3926 1033 4008 querimoniaprimdm,
1152 3930 1192 3987 75
