2617 4442
217 334 272 393 1⁰6
539 331 571 388 o.
589 329 736 380 nonlru
752 330 878 380 sulcet

252 475 351 538 Quem
364 472 537 552 paupertatis
550 474 681 549 puderet
694 474 771 550 firga,
784 474 864 531 dives
877 472 996 548 amicus,

254 550 338 631 Seps
353 554 453 611 decem
467 552 542 611 vitiis
553 554 726 625 instructior,
739 553 800 611 odit
813 563 843 610 et
855 553 967 612 horret:

253 634 324 706 Aut,
340 633 363 690 si
374 653 432 691 non
445 632 515 705 odit,
529 632 618 709 regit3
640 652 684 705 ao,
699 632 786 689 veluti
799 633 847 707 pia
860 644 959 705 mater,

253 712 322 770 Plus
332 710 418 788 quim
432 731 462 769 se
476 731 575 787 sapere
589 721 617 769 et
630 712 780 768 virtutibus
793 730 856 769 esse
870 711 991 787 priorem
1086 760 1091 768 .

253 792 333 863 Vult,
346 802 375 850 et
388 791 429 849 ait
440 787 528 867 prope
544 810 625 849 vera:
647 795 665 821 “
681 789 757 847 Meae
772 787 959 867 (contendere
972 789 1046 870 noli)

254 870 411 928 Stultitiam
424 870 569 947 patiuntur
582 889 667 947 opes;
689 869 740 926 tibi
753 869 870 946 parvula
883 889 928 926 res
942 881 1003 927 est:

254 950 345 1007 Arcta
358 950 441 1007 decet
454 968 556 1006 sanum
571 948 705 1006 comitem
720 959 803 1023 toga;
826 948 925 1005 desine
939 966 1055 1005 meeum

255 1028 400 1086 Certare.’'
442 1027 614 1104 Eutrapelus
628 1028 790 1101 cuicunque
804 1046 909 1084 nocere
922 1028 1033 1085 volebat

255 1107 435 1165 Vestimenta
448 1108 533 1165 dabat
546 1107 678 1183 pretiosa.
720 1106 826 1163 Beatus
839 1107 917 1163 enim
927 1106 987 1182 jam

255 1186 331 1243 Cum
342 1185 468 1261 pulchris
481 1186 587 1243 tunicis
601 1196 695 1243 sumet
706 1205 778 1243 nova
791 1184 912 1242 consilia
925 1196 955 1242 et
967 1205 1049 1261 spes;
1093 1227 1098 1234 -

255 1264 385 1323 Dormiet
399 1265 428 1321 in
442 1265 551 1335 lucem;
573 1276 667 1323 scorto
680 1275 829 1341 postponet
843 1266 994 1322 honestum

255 1342 390 1401 Officium
401 1364 407 1414 ;
428 1364 561 1403 nummos
572 1344 681 1401 alienos
693 1355 806 1419 pascet;
828 1345 863 1401 ad
878 1344 968 1401 imum

257 1423 358 1481 Thrax
371 1424 434 1495 erit,
449 1434 498 1480 aut
511 1423 619 1482 olitoris
633 1434 699 1499 aget
709 1424 841 1479 mercede
855 1424 1005 1481 caballum,

295 1503 444 1559 Arcanum
459 1522 550 1578 neque
564 1515 595 1561 tu
609 1501 780 1560 scrutaberis
794 1501 879 1559 ullius
892 1521 1034 1577 unquam;

256 1581 503 1657 commissumque
517 1594 607 1659 teges,
621 1593 649 1639 et
663 1581 729 1639 vino
742 1592 830 1638 tortus
843 1592 872 1640 et
885 1582 936 1639 irai.

256 1660 323 1719 Nec
336 1673 385 1719 tua
398 1662 527 1719 laudabis
541 1662 642 1733 studia,
658 1671 708 1717 aut
721 1660 813 1717 aliena
826 1660 996 1737 reprendes;

257 1739 332 1812 Nec,
346 1760 433 1815 quum
449 1742 543 1797 venari
557 1741 631 1799 volet
644 1740 702 1812 ille,
717 1743 849 1815 poemata
862 1759 978 1816 panges.

256 1818 356 1875 Gratia
369 1819 411 1875 sic
426 1819 541 1875 fratrum
555 1820 743 1895 geminorum,
759 1818 930 1893 Amphionis
944 1830 1028 1895 atque

258 1896 356 1968 Zethi,
370 1898 502 1969 dissiluit,
517 1898 609 1955 donec
623 1909 756 1974 suspecta
769 1916 867 1955 severo

256 1974 404 2032 Conticuit
417 1976 484 2051 lyra.
526 1976 671 2033 Fraternis
694 1977 815 2034 cessisse
828 1986 942 2053 putatur
1047 2008 1058 2023 κ

256 2053 386 2111 Moribus
400 2053 563 2131 Amphion:
583 2066 615 2112 tu
626 2056 698 2112 cede
708 2057 831 2131 potentis
845 2056 930 2113 amici

256 2132 384 2192 Lenibus
397 2134 523 2210 imperiis
531 2155 539 2205 ;
559 2134 724 2210 quotiesque
738 2136 843 2193 educet
855 2136 886 2193 in
901 2155 983 2211 agros

257 2212 361 2270 AEtolis
374 2224 491 2271 onerata
504 2213 594 2290 plagis
604 2214 734 2289 jumenta
748 2234 900 2289 canesque,

258 2293 361 2370 Surge,
375 2304 404 2351 et
418 2292 582 2351 inhumanae
596 2293 708 2351 senium
722 2294 833 2369 depone
845 2294 1001 2368 Camoenae,

257 2372 362 2431 Coenes
376 2385 408 2431 ut
420 2373 524 2449 pariter
536 2373 685 2450 pulmenta
697 2373 840 2431 laboribus
853 2385 956 2449 empta.

257 2451 398 2510 Romanis
412 2452 538 2510 solemne
550 2452 616 2510 viris
630 2472 711 2529 opus,
726 2452 795 2509 utile
810 2452 902 2525 famae,

257 2532 387 2607 Vitaeque
395 2541 424 2589 et
438 2532 586 2601 membris;
607 2532 763 2607 praesertim
773 2551 860 2607 quum
871 2531 974 2605 valeas,
985 2542 1015 2590 et

256 2609 311 2667 Vel
326 2628 412 2667 eursu
427 2628 559 2685 superare
574 2628 686 2683 canem,
701 2611 745 2667 vel
757 2610 862 2668 viribus
876 2630 986 2687 aprum,

257 2689 371 2747 Possis:
393 2687 476 2759 adde,
490 2687 581 2746 virilia
593 2686 671 2764 qudd
684 2688 840 2765 speciosius
854 2709 931 2748 arma

258 2766 325 2824 Non
340 2766 444 2841 estqui
458 2778 578 2825 tractet:
600 2768 657 2825 scis
671 2789 727 2843 quo
741 2770 865 2826 clamore
879 2787 991 2826 coronae

258 2845 362 2904 Proelia
375 2846 515 2903 sustineas
529 2848 714 2923 campestria:
736 2848 859 2923 denique
873 2866 977 2905 saevam

258 2922 392 2982 Militiam
406 2944 477 3000 puer
490 2936 519 2983 et
527 2926 701 2985 Cantabrica
714 2927 790 2984 bella
803 2926 891 2984 tulisti

257 3005 319 3061 Sub
333 3005 406 3061 duce
420 3004 468 3079 qui
482 3005 594 3081 templis
608 3004 777 3064 Parthorum
790 3006 873 3081 signa
886 3005 978 3081 refigit

256 3082 356 3156 Nunc,
370 3084 436 3142 etsi
450 3084 519 3160 quid
533 3085 622 3156 abest,
637 3083 718 3142 Italis
732 3085 877 3160 adjudicat
890 3086 983 3143 armis.

256 3163 313 3235 Ac,
328 3182 365 3221 ue
378 3175 407 3221 te
421 3165 556 3237 retrahas,
571 3175 600 3221 et
613 3163 815 3221 inexcusabilis
828 3165 932 3236 abstes,

256 3241 397 3304 Quamvis
411 3242 451 3300 nil
465 3254 544 3301 extra
557 3262 709 3302 numerum
723 3243 824 3300 fecisse
838 3243 1011 3318 modumque

258 3320 359 3394 Cures,
373 3322 515 3379 interdum
530 3323 645 3398 nugaris
659 3342 724 3380 rure
738 3333 873 3398 paterno:

258 3397 381 3457 Partitur
394 3400 666 3471 lintresexeroitus3
688 3401 776 3458 Actia
788 3420 886 3477 pugna

258 3476 305 3534 Te
319 3478 392 3533 duce
406 3498 456 3554 per
469 3497 573 3553 pueros
587 3480 683 3537 hostili
697 3500 775 3538 more
789 3480 909 3538 refertur
917 3500 926 3550 ;

258 3555 446 3612 Adversarius
459 3568 502 3613 est
516 3557 601 3615 frater
609 3578 617 3628 ;
638 3559 728 3631 lacus,
740 3560 852 3618 Hadria
860 3580 868 3629 ;
889 3560 983 3617 donec

258 3632 437 3691 Alterutrum
450 3635 532 3692 velox
545 3636 662 3694 victoria
676 3638 775 3695 fronde
786 3649 913 3697 coronet.

257 3711 429 3770 Consentire
443 3713 503 3771 suis
517 3714 618 3772 studiis
632 3715 681 3791 qui
694 3718 849 3775 crediderit
862 3729 901 3790 te,

257 3789 363 3848 Fautor
377 3803 496 3867 utroque
510 3804 591 3851 tuum
605 3794 733 3852 laudabit
745 3797 849 3872 pollice
863 3798 971 3853 ludum.

296 3868 431 3929 Protinus
442 3882 473 3929 ut
486 3891 628 3947 moneam,
642 3873 667 3931 si
681 3874 750 3950 quid
764 3876 912 3935 monitoris
925 3886 1050 3953 egestu,
