2617 4442
444 367 645 420 CARMINUM
663 365 729 415 LIB.
746 364 798 413 111.

520 591 605 650 ODE
625 588 710 647 XIV.

506 731 546 769 An
561 725 748 767 ratramnus

359 834 519 896 Quamnam
534 829 619 886 distet
632 826 669 883 ab
682 823 793 882 Inacho

197 917 325 989 Codrus,
337 933 389 992 pro
401 910 494 989 patria
507 928 565 966 non
579 906 696 963 timidus
709 903 792 976 mori,

361 991 481 1062 Narras,
495 999 524 1045 et
538 1005 630 1064 genus
644 982 740 1055 AEaci,

197 1075 239 1136 Et
251 1084 380 1154 pugnata
393 1089 474 1127 sacro
487 1068 562 1124 bella
576 1065 629 1121 sub
643 1062 714 1119 llio:

360 1151 429 1213 Quo
443 1147 549 1204 Chium
563 1143 654 1222 pretio
668 1141 772 1198 cadum

199 1233 379 1302 Mercemur,
393 1229 458 1304 quis
471 1245 572 1301 aquam
586 1231 726 1297 temperet
740 1217 865 1295 ignibus,

362 1310 432 1371 Quo
445 1306 588 1383 praebente
603 1303 720 1359 domum
734 1310 763 1356 et
776 1295 864 1373 quotis

200 1390 331 1468 Pelignis
345 1406 458 1446 caream
472 1383 632 1460 frigoribus,
646 1391 734 1437 taces.

363 1467 410 1524 Da
423 1465 514 1522 Lunae
527 1457 646 1538 propere
661 1477 751 1528 novae,

201 1550 248 1609 Da
261 1547 369 1606 Noctis
382 1543 495 1613 mediae,
509 1542 555 1611 da,
569 1557 649 1614 puer,
664 1535 780 1610 auguris

366 1623 514 1680 Murenae:
535 1619 625 1676 tribus
639 1625 688 1672 aut
701 1631 804 1671 novem

202 1707 367 1766 Miscentur
382 1700 492 1778 cyathis
506 1697 609 1776 pocula
623 1692 789 1752 commodis.

365 1781 427 1844 Qui
442 1779 541 1836 Musas
552 1785 628 1833 amat
643 1775 774 1848 impares,

201 1866 322 1925 'l'ernos
335 1874 377 1921 ter
391 1861 508 1936 cyathos
522 1855 658 1914 attonitus
671 1861 748 1928 petet

365 1941 467 1998 Vates:
488 1947 545 1995 tres
559 1933 689 2011 prohibet
702 1949 787 2006 supra

204 2025 349 2084 Rixarum
363 2030 493 2076 metuens
513 2027 629 2090 tangere
644 2010 753 2083 Gratia,

366 2098 396 2156 N
398 2098 461 2154 udis
473 2096 572 2172 juncta
586 2090 736 2149 sororibus.

205 2179 342 2242 insanire
354 2178 439 2256 juvat.
475 2175 534 2231 Cur
548 2168 747 2244 Berecynthia²

368 2251 490 2314 Cessant
504 2251 619 2308 flamina
632 2248 729 2305 tibiael

206 2341 271 2400 Cur
284 2338 390 2416 pendet
404 2333 492 2391 tacita
504 2329 598 2386 fistula
612 2345 680 2382 cum
692 2324 772 2398 lytril

369 2415 526 2470 Parcentes
539 2426 600 2482 ego
607 2406 737 2460 dexteras

207 2497 286 2558 Odi:
307 2513 409 2572 sparge
423 2508 517 2559 rosas;
540 2485 636 2544 audiat
651 2481 763 2539 invidus

371 2572 542 2629 Dementem
557 2563 703 2638 strepitum
717 2560 823 2635 Lycus,

211 2657 251 2716 Et
265 2653 359 2713 vicina
373 2651 435 2709 seni
449 2668 507 2707 non
521 2643 622 2704 habilis
636 2641 723 2716 Lyco.

544 2961 629 3020 ODE
648 2958 717 3017 XV.

519 3101 558 3139 AD
572 3094 753 3138 AMPHORAM.

297 3210 325 3268 Ο
339 3224 420 3268 nara
432 3219 547 3263 mecum
559 3197 677 3256 consule
692 3192 812 3263 Manlio,

298 3291 357 3349 Seu
370 3299 401 3345 tu
415 3281 554 3360 querelas,
568 3277 626 3332 sive
638 3273 713 3348 geris
724 3270 814 3345 jocos,

337 3368 397 3426 Seu
410 3364 500 3422 rixam
515 3367 544 3414 et
557 3356 674 3428 insanos
683 3365 804 3419 amores,

378 3445 437 3502 Seu
451 3437 574 3507 facilem,
588 3431 635 3510 pia
647 3439 729 3500 testa,
744 3441 885 3494 somnum,

297 3528 482 3596 Quocunque
495 3517 600 3573 lectum
615 3509 731 3568 nomine
745 3505 902 3563 Massicum

302 3607 414 3674 Servas,
428 3594 535 3657 moveri
549 3593 636 3670 digna
649 3590 724 3646 bono
738 3586 801 3645 die:

341 3677 505 3747 Descende,
520 3672 643 3731 Corvino
654 3668 784 3746 jubente,

378 3760 512 3818 Promere
525 3749 705 3828 languidiora
717 3746 792 3802 vina.

300 3841 370 3901 Non
384 3839 442 3910 ille,
456 3850 617 3910 quanquam
632 3825 786 3886 Socraticis
799 3820 899 3883 madet,

303 3916 498 3988 Sermonibus,
512 3923 541 3970 te
556 3909 682 3986 negliget
695 3902 844 3963 horridus:
