2617 4442
135 348 192 407 134
456 344 488 401 Q·
506 344 652 393 HORATII
670 344 795 394 FLACCI

173 486 298 547 Unctum
311 488 374 547 oleo
386 487 467 564 largo
478 488 565 546 nudis
578 488 705 547 humeris
717 488 782 548 tulit
795 489 888 548 haeres
895 507 904 561 ;

172 568 290 625 Scilicet
303 566 378 625 elabi
391 568 414 624 si
429 578 524 643 posset
537 578 658 640 mortua,
672 570 767 641 credo,

169 644 262 708 Quod
276 644 397 704 nimiiim
411 645 552 704 institerat
565 647 679 705 viventi.
720 648 831 705 Cautus
845 648 939 706 adito.

170 724 201 783 N
202 746 239 783 eu
253 726 329 783 desis
342 744 445 801 operae,
456 744 528 783 neve
542 726 745 784 immoderatus
758 727 896 784 abundes.

171 805 326 862 Difficilem
340 816 369 862 et
379 823 522 863 morosum
535 804 663 862 offendet
675 806 824 881 garrulus:
844 804 920 864 ultrd

170 880 239 941 Non
254 884 340 941 etiam
354 883 446 941 sileas.
487 882 585 940 Davus
599 884 638 941 sis
651 884 789 957 comicus,
804 897 889 960 atque

171 964 236 1021 Stes
251 964 344 1038 capite
357 962 479 1039 obstipo,
493 958 616 1020 multum
631 963 731 1020 similis
743 964 893 1022 metuenti.

170 1042 317 1119 Obsequio
330 1060 476 1117 grassare:
497 1060 591 1115 mone,
606 1041 630 1099 si
644 1042 787 1100 increbuit
799 1061 879 1114 aura,

170 1121 282 1178 Cautus
296 1117 337 1178 uti
352 1121 425 1178 velet
439 1138 538 1178 carum
552 1131 654 1197 caput:
675 1122 792 1179 extrahe
805 1122 899 1194 turba,

170 1199 316 1277 Oppositis
330 1199 474 1257 humeris:
495 1217 595 1258 aurem
608 1200 770 1276 substringe
784 1200 905 1276 loquaci.

170 1278 355 1354 Importunus
369 1288 445 1335 amat
457 1278 588 1335 laudaril
608 1279 711 1351 donec,
723 1284 741 1309 “
754 1278 838 1337 Ohe!
858 1280 917 1357 jam
927 1280 954 1336 !''
1083 1282 1124 1341 85

170 1358 219 1415 Ad
233 1357 338 1415 ooelum
353 1356 485 1415 manibus
498 1357 626 1430 sublatis,
641 1358 754 1431 dixerit,
768 1378 857 1435 urge;
878 1370 909 1417 et

170 1437 357 1495 Crescentem
371 1436 488 1495 tumidis
502 1436 571 1495 infla
584 1438 763 1495 sermonibus
776 1448 877 1495 utrem.

171 1516 274 1577 Quum
288 1526 316 1573 te
331 1515 444 1574 servitio
456 1516 542 1591 longo
556 1515 682 1591 curaque
695 1516 814 1588 levdrit3

170 1594 209 1654 Et
222 1592 333 1655 certbm
347 1594 477 1671 vigilans,
489 1599 507 1625 “
520 1594 640 1657 Quartae
653 1605 715 1653 esto
728 1595 815 1672 partis
828 1595 974 1671 Ulysses,”

170 1674 319 1749 Audieris,
328 1677 347 1705 “
362 1675 453 1732 haeres
462 1675 496 1731 ”:
518 1673 624 1751 “Ergo
637 1692 715 1732 nunc
729 1673 823 1733 Dama
836 1676 942 1733 sodalis
1085 1677 1126 1735 00

170 1751 321 1829 Nusquam
334 1754 390 1811 est!
413 1751 490 1810 unde
503 1752 574 1811 mihi
587 1764 646 1810 tam
661 1753 761 1812 fortem
774 1764 889 1829 tamque
903 1754 1016 1813 fidelem
1026 1756 1057 1812 l’¹

171 1832 279 1907 Sparge
293 1831 432 1891 subinde:
453 1841 491 1903 et,
505 1831 528 1889 si
539 1828 657 1907 pauliim
669 1845 759 1908 potes,
773 1832 960 1908 illacrymare.
1000 1834 1053 1893 Est

170 1908 285 1969 Gaudia
296 1910 465 1987 prodentem
479 1909 587 1967 vultum
601 1910 705 1969 celare.
746 1912 926 1989 Sepulcrum,

171 1988 349 2047 Permissum
363 1988 489 2061 arbitrio,
503 1989 565 2047 sine
579 1990 709 2047 sordibus
722 2002 852 2050 exsuue:
874 1992 961 2050 liinns

170 2066 248 2143 Egre
269 2063 296 2125 ‘b
311 2066 417 2125 laetum
430 2068 528 2126 laudet
541 2067 655 2126 vicinia.
698 2069 806 2147 Siquis
1082 2074 1124 2131 95

171 2144 259 2205 Forte
274 2146 456 2206 coheredum
470 2147 564 2206 senior
577 2145 653 2207 male
667 2150 778 2223 tussiet,
792 2150 861 2207 huic
873 2160 906 2208 tu

170 2223 239 2300 Die,
253 2245 290 2284 ex
298 2236 379 2304 parte
392 2226 453 2299 tub,
467 2244 518 2284 seu
532 2226 613 2285 fundi
627 2228 686 2286 sive
700 2227 802 2287 domus
815 2228 853 2287 sit

170 2304 300 2382 Emptor,
313 2306 487 2383 gaudentem
500 2325 618 2365 nummo
627 2319 657 2365 te
671 2308 812 2383 addicere,
854 2308 913 2367 Sed
927 2328 974 2367 me

170 2382 329 2463 Imperiosa
341 2384 428 2445 trahit
437 2384 624 2464 Proserpina:
645 2386 718 2462 vire,
731 2388 857 2466 valeque.

515 2742 675 2802 SATIRA
688 2744 742 2805 vl.

170 2860 239 2919 Hoo
252 2868 314 2919 erat
326 2860 357 2918 in
369 2859 457 2919 rotis:
477 2861 580 2919 modus
593 2862 654 2939 agri
667 2882 726 2921 non
740 2862 781 2921 ita
793 2880 926 2939 magnus,

170 2939 282 2999 Hortus
295 2938 354 3014 ubi,
368 2950 398 2997 et
410 2950 487 2998 tecto
500 2939 611 2999 vicinus
622 2941 699 3017 jugis
713 2960 793 3018 aque
808 2942 880 3016 sons,

170 3017 209 3077 Et
222 3018 337 3097 paulum
351 3019 428 3077 silvae
442 3038 527 3096 super
540 3020 585 3077 bis
598 3021 678 3079 foret
720 3018 845 3081 Auctids
856 3033 940 3098 atque

169 3097 208 3155 Di
222 3096 325 3158 melius
339 3096 455 3158 fecere:
476 3098 550 3157 bene
564 3111 615 3158 est.
657 3099 739 3158 Nihil
750 3101 870 3178 amplius
882 3121 943 3174 oro,

169 3176 249 3236 Maia
262 3189 339 3252 nate,
353 3178 410 3237 nisi
421 3189 452 3238 ut
464 3179 577 3255 propria
590 3180 652 3237 haec
666 3180 736 3238 mihi
749 3199 870 3238 munera
883 3181 964 3239 saxis
1102 3181 1125 3239 5

169 3257 202 3315 Si
216 3277 308 3334 neque
323 3259 458 3336 majorem
473 3259 528 3317 seoi
541 3259 651 3319 ratione
665 3260 740 3317 mald
753 3279 824 3333 rem,

168 3335 235 3395 Nec
247 3356 310 3395 sum
325 3337 451 3396 facturus
464 3338 532 3397 vitio
546 3340 667 3416 culpave
680 3339 836 3410 minorem;

169 3414 202 3471 Si
216 3434 333 3473 veneror
347 3417 448 3475 stultus
461 3417 533 3475 nihil
547 3418 658 3491 horum,
669 3422 688 3449 “
697 3417 726 3475 Ο
739 3418 764 3479 si
778 3418 901 3495 angulus
914 3416 961 3476 ille

168 3492 319 3551 Proximus
332 3496 460 3567 accedat,
474 3495 523 3570 qui
537 3515 615 3553 nunc
630 3497 779 3566 denormat
792 3497 932 3575 agellum!

167 3570 196 3627 Ο
210 3571 234 3629 si
248 3591 348 3629 urnam
363 3573 473 3649 argenti
486 3573 543 3630 sors
553 3594 616 3649 quae
630 3575 701 3633 mihi
715 3578 868 3650 monstret!
890 3587 922 3635 ut
934 3574 986 3650 illi,
1084 3578 1122 3636 10

168 3649 319 3709 Thesauro
333 3651 457 3724 invento,
471 3652 518 3727 qui
533 3655 728 3712 mercenarius
741 3675 842 3732 agrum

167 3728 253 3787 Illum
267 3730 360 3806 ipsum
374 3743 517 3790 mercatus
531 3732 629 3805 aravit,
643 3732 722 3791 dives
735 3734 829 3794 amico

168 3807 296 3867 Hercule
305 3810 331 3880 ;'’
353 3810 466 3885 siquod
480 3812 561 3870 adest
575 3822 687 3889 gratum
698 3811 793 3889 jurat:
815 3814 871 3874 baie
883 3833 970 3891 prece
982 3823 1012 3874 te
1024 3832 1087 3888 oro,

167 3884 280 3963 Pingue
292 3906 381 3964 pecus
394 3889 511 3949 domino
524 3890 622 3963 facias,
636 3901 666 3949 et
678 3902 792 3967 cratem,
805 3904 908 3970 practer
