2617 4442
492 341 700 393 SATIRARUM
716 342 783 391 ΠΒ.
801 344 837 393 11.
854 348 879 394 8.

222 487 327 549 Invisis
341 488 468 546 foribusl
508 486 575 545 ‘Ne
589 505 678 560 nunc,
692 506 779 563 quum
793 506 840 545 me
854 499 938 547 vocat
947 488 1031 564 ultro,

223 569 373 627 Accedam
384 570 396 625 l
417 588 454 625 an
467 566 561 644 potiris
572 568 695 625 ¹mediter
709 566 791 624 finire
805 568 939 625 dolores?

222 648 364 720 Exclusit,
377 657 507 705 revocat:
528 646 667 705 redeaml
689 665 758 716 non,
773 646 797 704 si
811 647 959 706 obsecret?
1001 646 1081 706 Ecce

224 730 339 799 Servus,
354 746 412 784 non
425 724 511 803 pauld
526 726 697 802 sapientior:
719 724 766 782 ‘0
779 726 858 799 here,
871 746 934 802 quae
943 746 989 784 res

223 806 254 863 N
255 826 290 865 ec
303 807 420 863 modum
434 806 529 879 habet,
543 824 636 883 neque
649 806 812 877 consilium,
827 806 936 864 ratione
948 806 1092 883 modoque
1116 807 1176 866 265

223 886 356 944 Tractari
370 905 429 943 non
442 884 509 943 vult
551 885 588 942 In
602 905 698 946 amore
712 886 776 941 baec
789 896 856 942 sunt
869 885 960 955 mala;
981 885 1097 960 bellum,

223 964 285 1023 Pax
297 983 430 1022 rursum:
451 965 513 1022 haec
527 965 637 1039 siquis,
651 963 827 1041 tempestatis
839 962 928 1041 prope
942 965 998 1024 ritu

225 1044 345 1102 Mobilia
357 1054 387 1101 et
400 1044 479 1101 caecd
492 1042 633 1102 fluitantia
646 1057 731 1117 sorte,
746 1044 853 1101 laboret

224 1124 360 1183 Reddere
374 1135 451 1180 certa
465 1124 529 1196 sibi,
543 1123 632 1183 nihilo
645 1127 710 1201 plus
723 1123 845 1199 explicet
859 1124 932 1181 acsi
1036 1159 1039 1166 ,

223 1203 239 1260 I
242 1203 354 1260 nsanire
367 1212 447 1278 paret
461 1203 538 1260 certi
552 1204 663 1262 ratione
675 1204 833 1278 modoque!
1117 1203 1177 1262 270

222 1282 325 1343 Quidt
345 1300 442 1358 quum,
456 1281 571 1339 Picenis
584 1302 741 1360 excerpens
754 1284 864 1340 semina
876 1282 978 1359 pomis,

224 1361 341 1419 Gaudes
354 1361 378 1418 si
392 1379 535 1419 cameram
548 1363 673 1437 percristi
688 1358 770 1434 forte,
783 1380 873 1439 penes
885 1372 915 1419 te
925 1362 977 1419 esl

224 1440 305 1501 Quid
316 1442 328 1497 l
348 1459 436 1516 quum
448 1440 534 1497 balba
546 1441 613 1499 feris
627 1462 736 1501 annoso
750 1440 836 1498 verba
847 1440 951 1517 palato,

226 1519 399 1578 AEdilicante
413 1538 495 1577 casas
508 1517 556 1595 qui
570 1522 688 1579 saniorl
729 1520 815 1579 Adde
829 1538 959 1577 cruorem
1116 1518 1177 1577 274

226 1599 368 1672 Stultitiae,
383 1609 467 1674 atque
482 1598 579 1675 ignem
592 1600 687 1677 gladic
700 1610 836 1657 scrutare.
877 1595 978 1673 Modb,
992 1597 1118 1675 inquam,

227 1676 349 1736 Hellade
362 1678 497 1754 percussit
512 1677 622 1737 Marius
635 1699 722 1755 quum
736 1678 893 1756 praeeipitat
907 1697 947 1751 se,

226 1758 354 1815 Cerritus
368 1757 440 1815 luitl
461 1776 498 1816 an
512 1770 662 1817 commotae
676 1759 796 1817 crimine
810 1756 914 1814 mentis

226 1838 365 1894 Absolves
379 1836 533 1910 hominem,
548 1848 577 1895 et
590 1838 706 1896 sceleris
720 1836 869 1895 damnabis
882 1836 1017 1909 eundem,

226 1916 271 1973 Ex
285 1936 362 1974 more
377 1916 526 1993 imponens
539 1929 662 1993 cognata
675 1918 813 1977 vocabula
826 1916 931 1974 rebusl

225 1996 389 2053 Libertinns
402 2005 470 2068 erat,
484 1996 533 2071 qui
547 1997 657 2056 circum
671 1998 795 2073 compita
808 1997 903 2055 siccus
1116 1996 1177 2056 280

226 2074 325 2133 Lautis
339 2072 424 2131 mand
439 2094 526 2133 senex
540 2077 672 2136 manibus
685 2078 836 2146 currebat;
857 2086 896 2148 et,
911 2074 1047 2151 ‘Unum,’

224 2155 374 2215 Quiddam
387 2173 523 2231 magnum
537 2155 655 2229 addens,
670 2161 781 2214 ‘unum
794 2174 841 2213 me
855 2155 961 2232 surpite
974 2158 1069 2233 morti,

227 2233 280 2291 Dis
293 2234 399 2291 etenim
413 2234 496 2292 facile
510 2236 570 2305 est,’
582 2236 698 2293 orabat:
717 2255 806 2293 sanus
819 2234 945 2309 utrisque

227 2313 354 2371 Auribus
368 2324 453 2388 atque
466 2313 574 2382 oculis3
595 2325 733 2387 mentem,
747 2315 802 2371 nisi
816 2314 966 2389 litigiosus,

226 2392 379 2468 Exciperet
390 2391 523 2450 dominus
532 2411 621 2467 quum
631 2393 777 2451 venderet.
809 2391 876 2449 Hoc
886 2411 996 2470 quoque
1007 2394 1108 2471 vulgus
1117 2395 1176 2453 285

227 2472 401 2549 Chrysippus
414 2470 496 2547 ponit
509 2472 644 2531 soecundd
660 2473 690 2530 iu
705 2483 791 2549 gente
802 2469 932 2529 Meneni.

227 2551 263 2607 ‘J
266 2551 365 2628 upiter,
380 2551 513 2627 ingentes
526 2551 575 2627 qui
590 2552 641 2609 das
655 2552 813 2629 adimisque
827 2551 957 2624 dolores:

227 2630 320 2689 Mater
334 2632 373 2688 ait
386 2631 467 2706 pueri
480 2649 593 2688 menses
603 2632 664 2708 jam
677 2631 802 2707 quinque
816 2630 958 2706 cubantis,

227 2709 361 2786 ‘Frigida
375 2711 398 2768 si
412 2729 532 2786 puerum
545 2723 682 2787 quartana
695 2711 847 2787 reliquerit,
862 2708 911 2768 illo

227 2788 316 2848 Mane
331 2790 378 2847 die
391 2810 447 2865 quo
460 2801 491 2847 tu
505 2790 609 2848 indicis
619 2791 739 2868 jejunia,
753 2792 848 2849 nudus
925 2793 928 2804 '
1117 2792 1177 2849 290

226 2867 262 2925 ln
277 2868 378 2926 Tiberi
389 2869 490 2927 stabit)
532 2870 624 2928 Casus
637 2872 803 2929 medicusve
815 2870 916 2929 levarit

226 2947 348 3025 AEgrurn
362 2968 399 3005 ex
411 2949 558 3026 precipiti,
572 2962 662 3009 mater
676 2950 765 3010 delira
778 2950 893 3008 necabit

226 3026 262 3083 In
272 3026 367 3103 gelidai
381 3027 468 3085 fixum
481 3029 553 3105 ripis,
568 3030 725 3106 lebrimque
739 3031 865 3087 reducet.

224 3106 332 3166 Quone
347 3106 421 3163 malo
434 3120 559 3166 mentem
573 3110 734 3167 concussal
754 3109 856 3166 timore
870 3108 1018 3170 deorum.'’

226 3183 300 3242 Haec
314 3186 385 3243 mihi
400 3186 563 3258 Stertinius,
577 3188 738 3263 sapientirm
751 3197 879 3256 octavus,
892 3186 986 3245 aulico
1116 3184 1177 3245 295

226 3264 317 3321 Arma
330 3264 417 3335 dedit,
428 3268 547 3344 posthac
561 3285 598 3323 ne
612 3265 796 3341 compellerer
810 3264 926 3321 inultus.

226 3342 338 3401 Dixerit
352 3344 482 3403 insanum
497 3346 546 3421 qui
560 3364 616 3417 me,
630 3344 749 3401 tetidem
760 3344 857 3403 audiet
865 3362 873 3412 ;
895 3354 980 3419 atqua

226 3422 384 3500 Respicere
398 3424 495 3501 ignoto
508 3423 600 3481 discet
612 3422 768 3500 pendentia
780 3433 868 3499 tergo.

608 3571 754 3605 notamus.

227 3659 334 3732 Stoice,
348 3669 412 3735 post
425 3659 560 3716 damnum
575 3658 617 3717 sic
630 3659 737 3716 vendas
747 3656 845 3716 omnia
857 3658 965 3735 pluris:

224 3738 296 3798 Qua
309 3756 355 3795 me
370 3738 499 3812 stultitia,
512 3739 646 3813 quoniam
661 3757 719 3795 non
732 3749 776 3796 est
789 3757 881 3814 genus
895 3756 996 3813 unum,
1119 3737 1179 3797 300
1283 3806 1286 3812 ¹

225 3814 358 3875 Insanire
371 3818 475 3895 putasl
495 3836 549 3895 ego
563 3837 629 3877 nam
642 3818 740 3876 videor
753 3817 824 3875 mihi
837 3836 933 3875 sanus.
