2617 4442
478 372 510 429 Q.
527 370 675 421 HORATII
690 368 816 418 FLACCI

526 593 685 653 SATIRA
706 592 759 651 VI.

504 732 545 771 Ab
565 731 774 771 mmcum'run.

187 836 270 909 Nou,
283 834 360 911 quia,
374 832 530 905 Maecenas,
545 832 691 907 Lydorum
703 829 843 906 quidquid
856 828 993 890 Etruseos

187 916 313 974 Ineoluit
326 914 409 987 fines,
423 931 509 970 nemo
522 910 687 988 generosior
700 919 744 967 est
755 919 801 979 te3

188 994 254 1053 Neo
268 989 346 1069 qudd
361 1010 429 1049 arus
443 990 493 1049 tibi
509 1001 655 1047 maternus
663 988 723 1050 ,fuit
737 999 821 1064 arque
835 999 972 1064 paternus

188 1073 267 1131 Olim
281 1072 329 1148 qui
344 1071 456 1146 magnis
469 1069 630 1146 legionibus
645 1068 859 1144 imperitarent3

187 1152 227 1209 Ut
239 1151 367 1227 plerique
381 1149 481 1222 solent,
496 1168 566 1206 naso
579 1147 730 1223 suspendis
744 1148 859 1205 adunco

188 1229 316 1306 Ignotos,
331 1240 362 1286 ut
375 1247 421 1285 me
435 1228 567 1285 libertino
580 1238 661 1302 patre
675 1236 794 1283 natum:

187 1311 290 1371 Quum
305 1308 408 1366 referre
422 1326 520 1383 negas,
534 1306 610 1382 quali
625 1306 662 1363 sit
674 1305 792 1381 quisque
805 1314 925 1381 parente

188 1388 292 1461 Natus,
306 1389 375 1446 dum
389 1387 539 1463 ingenuus.
581 1385 741 1443 Persuades
755 1386 809 1442 hoo
823 1384 875 1441 tibi
888 1381 966 1458 verb,

188 1469 267 1527 Anto
280 1476 448 1545 potestatem
463 1463 544 1522 Tulli
557 1476 641 1540 atque
656 1463 781 1540 ignobile
795 1481 926 1540 regnum,

189 1546 297 1605 Multos
311 1542 386 1623 saepd
401 1545 474 1603 viror
488 1544 574 1603 nullis
588 1544 742 1620 majoribus
754 1553 831 1601 ortos
1099 1544 1138 1601 10

189 1626 228 1684 Et
241 1626 343 1683 vixisse
357 1625 469 1701 probos,
484 1624 585 1701 amplis
598 1633 628 1681 et
641 1622 796 1681 honoribus
810 1632 926 1680 auctos:

188 1703 307 1776 Contrd‚
322 1704 480 1775 Laevinum,
494 1702 592 1762 Valeri
605 1721 707 1777 genus,
721 1702 799 1759 unde
813 1701 960 1777 Superbus

189 1784 364 1860 Tarquinius
378 1802 467 1859 regno
480 1782 578 1857 pulsus
593 1782 655 1852 fuit,
670 1782 756 1838 unius
769 1781 840 1837 assis

189 1862 257 1920 Non
271 1881 396 1937 unquam
409 1862 500 1937 pretio
513 1861 602 1936 pluris
615 1858 741 1931 licuisse,
755 1870 872 1917 notante

188 1942 207 1999 J
209 1942 304 2014 udiee,
317 1959 402 2016 quem
416 1939 502 2011 ndsti,
516 1938 629 2016 populo,
644 1939 692 2014 qui
706 1940 809 1995 stultus
823 1940 947 1998 bonores
1102 1939 1137 1997 15

190 2018 272 2098 Saepe
288 2021 337 2077 dat
350 2019 477 2095 indignis
490 2029 519 2076 et
533 2018 614 2077 fame
629 2018 714 2075 servit
727 2018 857 2095 ineptus3

188 2098 251 2161 Qui
265 2110 359 2175 stupet
372 2100 401 2156 in
415 2098 504 2156 titulis
518 2109 547 2156 et
560 2097 741 2173 imaginibus.
782 2097 865 2159 Quid
890 2108 1001 2175 oportet

189 2179 252 2237 Nos
266 2178 369 2249 faeere,
385 2199 401 2237 a
415 2178 501 2255 vulgo
514 2175 599 2255 longd
613 2176 728 2253 lateque
741 2178 884 2235 remotosl

189 2259 322 2335 Namque
336 2270 407 2333 esto,
421 2258 541 2336 populus
555 2257 672 2315 Laevino
685 2257 783 2315 mallet
796 2257 934 2315 bonorem

188 2337 288 2402 Quum
302 2338 395 2398 Deeio
408 2339 543 2397 mandare
557 2357 646 2407 novo;
668 2356 825 2413 censorque
839 2347 963 2395 moveret
1098 2336 1138 2395 2⁰

190 2420 311 2496 Appius,
325 2420 452 2496 ingenuo
466 2419 490 2477 si
503 2438 561 2477 uon
575 2436 668 2475 essem
681 2428 760 2493 patre
774 2427 874 2475 natus:

190 2500 244 2556 Vel
258 2497 371 2571 meritd,
384 2499 518 2574 quoniam
532 2498 562 2555 in
576 2496 690 2573 propria
705 2516 763 2554 non
777 2495 850 2573 pelle
865 2493 1018 2571 quiessem.

191 2578 249 2636 Sed
263 2578 388 2654 fulgente
402 2578 487 2635 trabit
500 2576 669 2635 oonstrietos
681 2576 780 2633 Gloria
793 2593 879 2633 ourru

190 2656 258 2714 Non
272 2656 368 2715 mimis
382 2657 494 2731 ignotos
506 2656 662 2733 generosis.
702 2653 773 2717 Quo
788 2656 849 2727 tibi,
864 2653 954 2729 Tulli,

191 2737 311 2793 Sumere
326 2736 484 2811 depositum
499 2735 620 2806 clavum,
635 2734 752 2811 fierique
766 2735 900 2792 tribunol
1096 2734 1136 2792 25

190 2813 302 2871 Invidia
317 2814 450 2886 aeerevit,
464 2814 572 2890 privato
584 2832 648 2890 quae
663 2814 755 2871 minor
768 2824 861 2884 esset3

190 2892 221 2951 N
223 2913 279 2964 am,
293 2904 325 2950 ut
337 2894 455 2968 quisque
470 2894 587 2951 insanus
601 2894 691 2969 nigris
706 2894 832 2951 medium
847 2892 977 2970 impediit
990 2910 1057 2949 erus

190 2972 327 3044 Pellibus,
341 2983 370 3030 et
382 2972 470 3029 latum
486 2973 599 3030 demisit
611 2984 726 3049 pectore
740 2974 862 3045 clarum,

190 3053 282 3110 Audit
292 3049 440 3124 continuo,
452 3058 469 3083 “
479 3052 556 3114 Quis
566 3053 651 3109 homo
663 3052 710 3109 hio
718 3053 749 3109 l''
766 3063 804 3124 et,
816 3052 914 3114 “Quo
924 3062 1004 3128 patre
1014 3051 1137 3110 natusl''

190 3129 239 3204 Ut,
253 3131 338 3207 siqui
353 3143 470 3209 aegrotet
483 3152 539 3208 quo
552 3131 650 3189 morbo
665 3130 780 3204 Barrus,
794 3131 893 3190 haberi
1100 3130 1139 3188 30

190 3210 230 3270 Ut
243 3213 338 3288 cupiat
352 3212 500 3286 formosus,
515 3223 561 3271 eat
574 3212 755 3288 quacunque,
768 3211 871 3286 puellis

191 3290 307 3367 Injioiat
320 3312 417 3351 euram
432 3293 578 3368 quaerendi
592 3292 714 3367 singula,
728 3290 804 3367 quali

192 3371 236 3427 Sit
250 3370 332 3445 faeie,
347 3372 413 3428 surb
423 3373 509 3447 quali,
523 3372 607 3447 pede,
622 3372 718 3442 deute,
732 3370 834 3447 capillo
846 3390 853 3427 τ

192 3449 243 3506 Sic
256 3451 303 3523 qui
316 3450 463 3526 promittit,
477 3452 563 3521 cives,
578 3450 686 3507 Urbem
700 3450 753 3508 sibi
767 3469 854 3522 outae,

192 3526 347 3603 Imperium
359 3528 428 3599 fore,
442 3538 471 3584 et
485 3527 607 3599 ltaliam,
621 3539 651 3585 et
664 3528 782 3587 delubra
796 3530 933 3599 deorum3
1102 3526 1141 3585 35
1205 3543 1212 3550 “
1286 3595 1287 3604 ¹

191 3606 261 3667 Quo
273 3618 352 3682 patre
366 3607 402 3662 sit
417 3616 509 3677 natus,
524 3625 593 3663 num
607 3606 706 3681 ignota
719 3620 808 3666 matre
822 3609 1000 3681 inhonestus,

192 3684 303 3742 Omnes
317 3685 449 3742 mortales
463 3704 563 3742 curare
576 3695 606 3741 et
618 3704 745 3759 quaerere
759 3687 887 3763 cogit.-

192 3762 280 3823 'I'une
295 3764 369 3840 Syri,
383 3763 494 3836 Damae,
509 3775 558 3821 aut
571 3762 693 3839 Dionysi
707 3765 792 3839 filius,
806 3767 896 3825 audes

193 3842 325 3919 Dejieere
339 3862 355 3900 e
369 3861 436 3901 saxo
450 3844 536 3915 eires,
548 3853 597 3900 aut
609 3845 721 3902 tradere
734 3845 846 3904 Cadmo
855 3848 907 3903 'l-

194 3920 235 3980 Ar
246 3920 359 3984 Novius
372 3922 482 4013 eollega
495 3924 584 4002 gradu
598 3934 662 4001 post
676 3943 722 3984 me
736 3925 818 3983 sedet
830 3942 906 3983 uno:
1105 3921 1144 3980 40
