2617 4442
524 397 555 454 Q.
573 395 721 445 HORATII
737 395 862 445 FLAcct

587 616 672 676 ODE
691 615 810 677 XVIII.

489 754 523 794 m
536 753 657 793 nmmum
670 754 710 792 nn
723 695 905 793 montinum.

361 854 488 913 Drtutu
501 864 607 911 tenerae
621 853 708 910 dicite
721 852 861 928 virgines:

360 934 521 1006 Intonsum,
534 931 625 1009 pueri,
639 931 726 990 dieite
740 932 914 1007 Cynthiumt

517 1011 713 1086 Latonamque
727 1030 858 1086 supremo

478 1089 621 1148 Dilectam
634 1087 749 1166 penitius
762 1089 835 1148 lovi.

360 1170 420 1229 Vos
433 1170 528 1227 laetam
542 1169 643 1242 fluviis,
658 1180 687 1226 et
700 1188 848 1226 nemorum
862 1168 956 1242 comi,
1170 1168 1192 1227 5

357 1249 549 1324 Quaeounque
563 1259 611 1307 aut
625 1249 720 1324 gelido
732 1249 874 1322 prominet
886 1249 1003 1326 Algido,

519 1326 618 1403 Nigris
632 1338 681 1384 eut
695 1325 864 1401 Erymanthi

478 1406 572 1478 Silvis,
584 1416 632 1463 aut
645 1405 743 1462 viridis
756 1404 860 1482 Gragi:

359 1485 420 1544 Vos
433 1485 546 1561 Tempe
560 1485 677 1543 totidem
691 1482 780 1540 tollite
793 1485 935 1557 laudibus,

360 1563 560 1639 Natalemque,
574 1582 676 1634 mares,
690 1561 784 1620 Delon
799 1564 951 1640 Apollinis,
1151 1561 1189 1621 10

519 1641 723 1718 Insignemque
736 1642 879 1716 pharetrai,

478 1720 673 1794 Fratermique
687 1721 836 1777 humerum
850 1720 920 1795 lyrai.

359 1798 419 1860 Hie
431 1799 537 1856 bellum
550 1798 749 1872 lacrymosum,
764 1797 812 1855 hio
825 1799 958 1855 miseram
972 1796 1076 1855 famem

358 1877 536 1953 Pestemque,
550 1896 567 1934 a
580 1875 684 1953 populo
697 1884 726 1932 et
739 1876 866 1952 principe
880 1877 1003 1949 Cessare,
1018 1876 1049 1934 in

516 1955 616 2012 Persas
630 1966 715 2026 atque
728 1953 881 2013 Britannos
1154 1955 1192 2014 15

477 2034 581 2092 Vestri
595 2045 688 2092 motus
702 2043 767 2109 aget
779 2053 874 2111 preoe.

603 2351 688 2410 ODE
702 2352 789 2411 XIX.

518 2488 558 2527 An
579 2487 726 2530 amantum
746 2490 874 2530 rusculi.

359 2586 498 2645 lunnunn
511 2586 575 2644 vitae
589 2587 760 2663 scelerisque
773 2607 861 2662 purus

359 2665 429 2724 Non
442 2676 508 2742 eget
520 2665 631 2722 Mauris
642 2665 754 2741 jaculis,
768 2685 861 2740 neque
874 2682 953 2738 arou,

359 2743 425 2802 Neo
438 2745 585 2803 venenatis
599 2745 716 2820 gravida
730 2744 850 2819 sagittis,

556 2823 661 2895 Fusee,
674 2823 823 2899 pharetre⁶13

360 2901 426 2959 Sive
439 2921 490 2978 per
504 2903 601 2977 Syrtes
615 2903 669 2960 iter
682 2913 827 2974 aestuosas,

360 2981 426 3038 Sive
441 2981 565 3038 facturus
578 3001 628 3058 per
643 2982 842 3058 inhospitalem

359 3057 532 3134 Caucasum,
547 3062 590 3118 vel
605 3081 668 3136 quae
682 3062 745 3118 loca
759 3060 902 3118 fabulosus

556 3140 670 3198 Lambit
684 3140 843 3216 Hydaspes.

312 3254 315 3262 κ
358 3216 492 3294 Namque
505 3237 551 3276 me
566 3219 636 3276 silvai
649 3220 734 3295 lupus
748 3219 778 3276 in
793 3216 911 3290 Sabina,

359 3296 436 3355 Dum
450 3317 544 3355 meam
558 3309 642 3356 canto
656 3298 794 3374 Lalagen,
808 3307 837 3354 et
850 3296 924 3354 ultra

359 3375 530 3434 Terminum
544 3378 620 3435 euris
633 3397 719 3453 vagor
730 3374 878 3453 expeditis,

557 3456 645 3532 Fugit
658 3457 814 3514 inermem:

357 3532 454 3595 Quale
468 3544 629 3610 portentum
640 3555 733 3610 noque
747 3533 875 3591 militaris

358 3611 487 3669 Daunias
500 3613 564 3670 latis
578 3613 627 3671 alit
641 3613 783 3670 aeseuletis
791 3633 799 3682 ;

358 3688 424 3748 Neo
437 3690 521 3749 Jubae
534 3692 618 3749 tellus
631 3701 758 3767 generat,
772 3692 888 3749 leonum

557 3771 648 3827 Arida
662 3770 765 3827 nutrix.

358 3847 437 3907 Pone
450 3868 496 3907 me
509 3849 596 3926 pigris
610 3849 660 3906 ubi
674 3848 753 3906 nulla
766 3847 876 3924 campis

368 3927 454 3988 lrbor
467 3929 562 3988 aestivrl
576 3937 720 3987 recreatur
733 3926 830 4010 aurei,
