2617 4442
135 374 192 434 ito
461 370 492 427 o
510 368 656 419 noman
672 367 798 417 amccr

210 512 302 577 Quod
315 513 340 572 si
353 532 399 571 me
412 513 533 591 populus
548 513 700 571 Romam
713 507 785 569 forte
799 520 880 587 roget
892 531 945 571 cur
1086 514 1125 573 70

172 594 251 667 Non,
265 606 297 652 ut
309 592 474 670 porticibus,
488 593 531 650 sic
541 592 659 670 judiciis
673 592 748 649 fruar
761 591 865 663 isdem,

172 673 203 731 N
204 692 238 731 ec
251 692 352 748 sequar
366 683 415 730 aut
428 672 536 749 fugiam
549 691 612 747 quae
626 672 727 747 deligit
740 671 801 747 ipse
814 671 858 728 vel
870 671 947 729 odit:

172 751 251 810 Olim
263 753 339 827 quod
353 752 451 828 vulpes
465 762 569 829 aegroto
582 761 668 808 cauta
680 750 756 807 leoni

172 831 343 909 Respondit,
358 832 496 890 referam:
519 831 626 892 “Quia
638 849 686 887 me
700 829 819 905 vestigia
831 839 948 901 terrent,

171 911 279 969 Omnia
292 922 320 969 te
334 911 485 979 adversum
500 910 668 987 spectantia,
681 909 760 967 nulla
773 910 955 966 retrorsum.’'
1086 911 1125 966 75

172 990 273 1049 Bellua
284 991 436 1048 multorum
450 1010 482 1047 es
495 990 620 1066 capitum
632 1009 638 1047 :
659 1008 726 1047 nam
737 988 805 1064 quid
816 989 937 1063 sequarl
957 998 1007 1046 aut
1018 991 1125 1065 queml

172 1070 242 1128 Pars
256 1070 403 1127 hominum
416 1069 502 1145 gestit
514 1070 676 1127 conducere
689 1067 820 1144 publica:
840 1076 908 1125 suut
921 1068 969 1143 qui

173 1149 285 1207 Crustis
298 1160 327 1207 et
340 1149 431 1224 pomis
444 1149 543 1206 viduas
556 1159 696 1205 venentur
710 1166 818 1219 avaras,

173 1228 382 1304 Excipiamque
396 1246 480 1285 senes
492 1246 563 1302 quos
576 1227 607 1285 in
621 1227 726 1284 vivaria
739 1226 869 1284 mittant:

174 1306 275 1365 Multis
288 1306 401 1364 occulto
415 1308 518 1364 crescit
532 1326 577 1364 res
591 1307 707 1365 foenore.
750 1303 859 1363 Verdm

173 1385 254 1459 Esto,
268 1386 331 1444 aliis
345 1386 414 1444 alios
427 1387 512 1445 rebus
525 1385 682 1461 studiisque
695 1386 803 1454 teneri;

175 1464 268 1523 Iidem
281 1466 383 1524 eadem
395 1476 514 1543 possunt
527 1467 623 1523 horam
638 1466 740 1523 durare
752 1464 928 1540 probantes?

174 1549 193 1575 “
205 1545 312 1603 Nullus
323 1546 354 1604 in
366 1546 435 1604 orbe
449 1546 528 1603 sinus
541 1545 619 1602 Baiis
632 1545 767 1622 praelucet
780 1544 929 1615 amoenis,’'

175 1625 208 1682 Si
222 1625 293 1683 dixit
306 1626 393 1698 dives,
408 1625 488 1683 lacus
501 1635 530 1682 et
543 1644 621 1682 mare
635 1625 721 1682 sentit
734 1641 859 1681 amorem

175 1704 351 1762 Festinantis
365 1705 442 1775 heri;
464 1704 512 1761 cui
526 1704 550 1761 si
564 1703 664 1761 vitiosa
676 1703 764 1761 libido

175 1783 289 1841 Fecerit
303 1782 472 1859 auspicium,
486 1801 550 1839 cras
565 1784 737 1840 ferramenta
749 1781 906 1840 Theatrum

175 1861 305 1933 Toliatis,
320 1862 399 1919 sabri.
441 1862 547 1919 Lectus
560 1862 683 1937 genialis
696 1862 727 1919 in
740 1861 806 1918 aaut
819 1862 882 1918 estl

175 1940 226 1998 Nil
241 1941 280 1998 ait
293 1959 355 1997 esse
366 1940 453 2016 prius,
469 1941 570 1999 melius
584 1940 625 1997 nil
639 1941 741 1998 coelibe
755 1940 830 2011 vitd3

175 2019 207 2077 Si
221 2038 279 2077 noa
293 2029 345 2091 est,
357 2019 434 2096 jurat
446 2020 520 2077 bene
536 2020 603 2079 solis
616 2038 679 2077 esse
693 2020 809 2077 maritis.

173 2099 243 2160 Quo
255 2108 370 2157 teneam
383 2100 477 2156 vultus
490 2109 647 2157 mutantem
662 2098 765 2157 Protea
777 2099 873 2157 nodol

173 2177 255 2239 Quid
269 2179 396 2255 pauperl
415 2179 496 2237 ride:
516 2188 607 2236 mutat
620 2179 778 2251 coenacula,
794 2180 891 2251 lectos,

174 2256 292 2331 Balnea,
306 2268 434 2315 tonsores
442 2279 450 2327 ;
471 2259 615 2317 conducto
628 2258 743 2333 navigio
753 2255 834 2333 aeque

174 2336 204 2394 N
206 2348 304 2396 auseat
318 2356 353 2394 ac
367 2338 492 2415 locuples
505 2357 590 2413 quem
604 2338 684 2395 ducit
696 2337 775 2414 priva
787 2334 917 2394 triremis.

215 2416 248 2474 si
261 2428 389 2475 curtatus
403 2418 534 2493 inaequali
548 2430 662 2476 tonsore
676 2416 792 2492 capillos

175 2494 308 2569 Occurri,
323 2497 417 2555 rides:
440 2497 464 2553 si
479 2494 550 2555 sorte
566 2496 705 2553 subucula
718 2514 797 2572 pexae
1085 2494 1126 2551 95

175 2574 259 2632 Trita
272 2576 369 2633 subest
382 2576 497 2647 tunioae,
512 2575 555 2633 vel
570 2576 593 2631 si
608 2586 675 2651 toga
689 2576 807 2633 dissidet
820 2575 920 2651 impar,

174 2652 275 2711 Rides.
316 2653 408 2725 Quid,
423 2673 488 2711 mea
500 2673 586 2729 quum
601 2667 710 2730 pugnat
723 2654 864 2712 sententia
877 2671 994 2723 seeum3

174 2732 263 2793 Quod
275 2732 365 2808 petiit,
380 2734 504 2809 spernit;
526 2735 628 2809 repetit
640 2735 716 2809 quod
729 2752 820 2809 nuper
833 2732 946 2802 omisit3

175 2810 299 2883 AEstuat‚
313 2822 342 2869 et
352 2811 416 2869 vitae
430 2813 608 2871 disconvenit
620 2814 720 2870 ordine
734 2825 794 2870 toto
802 2833 810 2882 ;

175 2889 280 2961 Diruit,
293 2890 424 2963 aedilicat,
440 2903 530 2951 mutat
541 2894 679 2967 quadrata
692 2892 839 2950 rotundisl

174 2967 305 3025 Insauire
319 2981 401 3045 putas
416 2970 552 3028 solemnia
566 2990 621 3043 me,
636 2990 729 3046 neque
743 2972 829 3043 rides,

175 3047 241 3106 Nec
254 3049 359 3107 medici
373 3049 477 3122 credis,
492 3069 547 3108 nec
561 3051 699 3108 curatoris
712 3070 798 3127 egere

175 3128 203 3185 A
217 3138 336 3204 praetore
350 3128 418 3200 dati,
433 3149 526 3187 rerum
541 3130 628 3188 tutela
642 3149 770 3187 mearum

173 3206 275 3268 Quum
289 3208 337 3281 sis,
352 3219 381 3266 et
394 3205 480 3285 prave
494 3222 603 3269 sectum
618 3209 804 3268 stomacheris
817 3210 855 3267 ob
868 3226 995 3284 unguem

174 3285 220 3344 De
234 3299 262 3345 te
276 3289 437 3364 pendentis,
452 3301 479 3347 te
493 3288 670 3366 respicientis
684 3288 777 3345 amici.
1073 3286 1129 3343 105

214 3366 263 3423 Ad
277 3387 427 3441 summam,
443 3369 555 3444 sapiens
569 3386 626 3426 uno
640 3369 732 3426 minor
745 3378 789 3425 est
802 3366 890 3436 Jove;
911 3366 1000 3438 dives,

174 3441 270 3517 Liber,
285 3446 448 3519 honoratus,
462 3447 590 3521 pulcher,
605 3466 655 3504 rex
669 3447 792 3523 denique
805 3463 923 3522 regum:

174 3521 324 3601 Praecipud
340 3544 436 3597 sanus,
452 3524 507 3582 nisi
520 3543 607 3601 quum
620 3526 723 3602 pituita
736 3527 856 3585 molesta
868 3534 919 3582 est.
