2617 4442
151 378 192 437 98
259 386 261 392 ·
481 367 817 430 Q.HORAT11FLACct

192 518 310 595 Urgeris
322 516 406 577 turbt
420 515 529 574 circum
544 524 687 587 testante,
700 514 842 590 miserque
1086 517 1145 579 185

191 597 349 674 Rumperis
362 608 391 655 et
404 596 499 667 latras,
514 612 683 670 magnorum
696 595 819 651 maxime
832 612 942 671 regum.

190 677 238 735 Ne
252 677 369 753 longum
384 675 501 732 faciam:
523 674 592 730 dum
606 683 638 730 tu
650 674 807 747 quadrante
820 674 945 733 lavatum

190 756 258 813 Rex
268 756 331 826 ibis,
345 773 438 829 neque
452 764 481 811 te
494 753 642 827 quisquam
656 751 782 827 stipator,
797 752 924 829 ineptum

189 834 296 892 Praeter
310 834 484 909 Crispinum,
499 830 669 899 sectabitur;
690 841 720 887 et
733 830 803 887 mibi
816 830 918 890 dulces

190 912 357 989 Ignoscent,
371 912 395 969 si
409 910 477 985 quid
491 928 648 987 peccavero
663 909 774 979 stultus,
789 910 891 980 amici;
1085 913 1143 971 140

190 990 281 1067 Inque
294 991 386 1049 vicem
401 990 512 1047 illorum
524 989 614 1064 patiar
628 987 733 1045 delicta
746 988 877 1063 libenter,

189 1071 374 1146 Privatusque
388 1065 479 1146 magis
493 1068 584 1125 vivam
599 1078 626 1125 te
641 1085 709 1142 rege
724 1067 831 1125 beatus.

500 1270 793 1281 *u———-——-

533 1424 691 1483 SATIRA
712 1424 765 1484 IV.

190 1546 321 1607 Eurotas
335 1558 418 1622 atque
432 1545 568 1604 Cratinus
582 1546 854 1623 Aristophanesque,
868 1549 970 1621 poete,

190 1630 286 1704 Atque
300 1626 348 1684 alii
361 1645 480 1702 quorum
495 1626 636 1684 comoedia
647 1625 742 1702 prisca
755 1624 877 1682 virorum
891 1635 943 1697 est,

191 1707 223 1764 Si
237 1706 299 1803 quis
312 1715 373 1763 erat
386 1706 490 1781 dignus
504 1704 637 1775 describi,
651 1702 728 1779 qubd
742 1704 843 1774 malus,
863 1714 912 1761 aut
926 1704 980 1777 fur,

189 1785 281 1847 Quod
295 1785 423 1841 mcechus
439 1784 519 1854 foret,
533 1793 583 1840 aut
596 1782 725 1854 sicarius,
739 1794 789 1840 aut
801 1782 906 1858 alioqui

190 1863 340 1934 Famosus,
354 1862 443 1919 mutat
458 1880 524 1919 cum
538 1862 668 1919 libertate
681 1862 826 1920 notabant.

191 1942 271 1999 Hinc
284 1941 376 2000 omnis
389 1942 494 2016 pendet
509 1940 647 2012 Lucilius,
662 1941 748 1998 hosce
762 1951 908 2015 sequutus,

191 2018 310 2078 Mutatis
323 2018 434 2077 tantiam
448 2020 568 2096 pedibus
582 2020 778 2095 numerisque3
801 2020 919 2093 facetus,

190 2098 342 2157 Emunctae
356 2099 442 2168 naris,
457 2100 545 2155 durus
559 2117 730 2175 componere
743 2117 849 2157 versus.

191 2178 268 2236 Nam
283 2178 336 2237 fuit
349 2179 404 2235 boc
418 2178 549 2248 vitiosus;
571 2179 601 2236 in
616 2179 687 2236 hora
701 2175 777 2255 saepe
792 2180 942 2251 ducentos,

190 2257 230 2316 Ut
243 2276 389 2334 magnum,
404 2276 501 2315 versus
514 2258 649 2330 dictabat,
664 2270 743 2316 stans
755 2259 829 2334 pede
843 2261 872 2315 in
886 2276 953 2316 uno.
1106 2259 1142 2318 1⁰

190 2337 291 2399 Quum
306 2337 406 2395 llueret
420 2336 585 2410 lutulentus,
599 2348 660 2395 erat
669 2338 746 2412 quod
759 2337 857 2395 tollere
871 2337 972 2395 velles:

191 2417 338 2489 Garrulus,
354 2428 437 2493 atque
451 2416 531 2494 piger
545 2416 688 2475 scribendi
703 2417 775 2474 serre
789 2417 925 2489 laborem,

192 2496 344 2554 Scribendi
357 2493 454 2565 recte;
476 2515 541 2553 nam
556 2508 588 2553 ut
601 2494 734 2567 multum,
748 2496 788 2553 nil
802 2515 903 2553 moror.
944 2495 1033 2569 Ecce,

192 2575 342 2651 Crispinus
356 2575 474 2633 minimo
488 2593 534 2631 me
547 2575 850 2651 provocat-Accipe,
864 2575 888 2631 si
902 2575 954 2647 vis,

191 2655 303 2730 Accipe
316 2654 373 2730 jam
388 2652 515 2722 tabulas3
536 2654 619 2710 detur
632 2654 715 2711 nobis
727 2653 817 2727 locus,
832 2654 910 2725 bora,
1104 2655 1142 2713 15

192 2734 350 2801 Custodes;
372 2732 519 2789 videamus
532 2744 595 2789 uter
607 2732 672 2807 plus
682 2733 806 2791 scribere
820 2733 950 2809 possit-

192 2811 231 2869 Di
246 2814 319 2869 bene
333 2811 472 2884 secarunt,
488 2812 580 2887 inopis
594 2831 640 2869 me
653 2810 788 2887 qubdque
801 2812 896 2888 pusilli

192 2889 352 2948 Finxerunt
365 2890 463 2961 animi,
478 2888 541 2948 rard
555 2901 585 2948 et
597 2910 740 2967 perpauca
753 2892 910 2967 loquentis:

192 2970 233 3028 At
246 2980 277 3027 tu
291 2968 441 3027 conclusas
455 2969 573 3027 hircinis
587 2969 699 3027 follibus
712 2990 805 3043 auras,

191 3048 288 3124 Usque
301 3048 471 3121 laborantes,
485 3050 554 3105 dum
569 3048 674 3106 serrum
688 3050 795 3108 molliat
808 3050 894 3126 iguis,
1102 3052 1143 3109 20

191 3129 230 3187 Ut
244 3127 342 3200 mavis,
356 3126 466 3186 imitare
538 3128 644 3185 Beatus
658 3128 797 3202 Fannius,
812 3129 885 3187 ultro

191 3208 302 3265 Delatis
315 3208 408 3283 capsis
421 3219 451 3266 et
464 3208 603 3284 imagine!
624 3227 712 3282 quum
726 3228 790 3266 mea
803 3226 889 3266 nemo

192 3288 305 3364 Scripta
317 3287 403 3363 legat,
417 3287 501 3364 vulgo
515 3287 635 3346 recitare
648 3289 784 3359 timentis,
798 3288 836 3345 ob
849 3287 924 3346 banc
937 3306 1008 3360 rem,

190 3364 281 3428 Quod
295 3378 371 3438 sunt,
384 3386 454 3441 quos
467 3386 558 3443 genus
572 3368 626 3424 hoc
640 3364 759 3425 minime
770 3367 859 3442 juvat,
873 3378 971 3444 utpote
983 3366 1080 3444 plures

191 3445 308 3520 Culpari
322 3445 432 3520 dignos.
466 3444 607 3506 Quemvis
621 3447 718 3503 medii
730 3465 799 3503 erue
813 3447 912 3505 turba:
1102 3446 1142 3504 25

191 3524 252 3580 Aut
265 3524 303 3581 ob
317 3524 472 3594 avaritiam,
481 3533 530 3580 aut
540 3524 644 3581 miserti
658 3525 812 3584 ambitione
826 3524 942 3583 laborat

190 3602 280 3659 Hunc
293 3603 370 3678 capit
383 3602 493 3677 argenti
506 3603 654 3676 splendor;
677 3615 771 3680 stupet
783 3604 888 3661 Albius
901 3623 975 3662 aere:

191 3680 251 3738 Hic
264 3691 355 3739 mutat
368 3700 479 3738 merces
492 3693 626 3757 surgente
640 3702 658 3739 a
671 3682 731 3741 sole
744 3684 780 3740 ad
794 3702 861 3741 eum
875 3703 931 3759 quo

191 3759 362 3836 Vespertina
374 3770 452 3835 tepet
465 3759 557 3835 regio;
578 3761 647 3835 quin
661 3781 710 3837 per
724 3763 799 3819 mala
811 3781 939 3839 preceps

191 3837 304 3912 Fertur,
318 3836 360 3897 uti
373 3839 465 3914 pulvis
478 3839 613 3897 collectus
627 3840 751 3912 turbine,
765 3860 803 3899 ne
816 3842 885 3917 quid
1102 3840 1143 3900 80

191 3917 310 3976 Summi
324 3918 460 3994 deperdat
473 3929 612 3992 metuens,
627 3929 677 3976 aut
690 3919 804 3994 ampliet
817 3932 850 3977 ut
862 3938 932 3978 rem.
