2617 4442
467 354 498 410 Q.
515 352 662 402 HORATII
679 353 803 401 Funccr

547 572 632 630 ODE
645 572 716 631 VII.

527 709 568 749 AD
582 711 731 751 LICINIUM.

293 810 432 870 Rucums
445 810 532 883 vives,
546 810 651 883 Licini,
666 829 759 886 neque
773 811 861 869 altum

293 891 412 967 Semper
426 889 564 965 urgendo,
579 907 683 964 neque,
697 891 766 946 dum
779 891 918 967 procellas

293 969 403 1026 Cautus
417 970 564 1040 horrescis,
579 966 700 1026 nimium
714 971 871 1045 premendo

491 1047 584 1104 Littus
605 1047 744 1122 iniquum.

293 1125 421 1182 Auream
434 1126 560 1201 quisquis
575 1126 801 1185 mediocritatem

292 1204 404 1280 Diligit,
418 1215 496 1262 tutus
509 1216 588 1262 caret
600 1205 719 1263 obsoleti

294 1283 431 1341 Sordibus
444 1284 523 1355 tecti,
538 1295 615 1341 caret
628 1284 783 1341 invidenda

491 1363 610 1420 Sobrius
624 1363 699 1419 auli.

294 1438 404 1499 Saeviirs
419 1441 509 1497 ventis
523 1442 643 1516 agitatur
658 1441 761 1517 ingens

293 1519 397 1577 Pinus:
419 1530 448 1578 et
461 1518 545 1576 celse
559 1519 687 1595 graviore
701 1538 770 1577 casu

292 1597 441 1657 Decidunt
453 1608 559 1656 turres:
580 1598 740 1673 feriuntque
754 1617 880 1657 summos

491 1677 619 1752 Fulgura
632 1688 751 1735 montes.

293 1757 395 1832 Sperat
408 1755 527 1828 infestis,
541 1755 642 1813 metuit
656 1755 800 1828 secundis,

293 1835 422 1893 Alteram
436 1844 540 1892 sortem
554 1835 628 1890 bene
642 1845 831 1910 preparatum

293 1913 406 1972 Pectus.
441 1913 581 1971 Iniormes
596 1913 705 1970 hiemes
718 1913 831 1971 reducit
892 1950 895 1964 τ

490 1992 612 2068 Jupiter,
628 1992 705 2049 idern

293 2072 456 2130 Submovet.
491 2070 570 2144 Non,
585 2072 609 2129 si
622 2069 698 2129 male
712 2089 801 2144 nunc,
815 2081 845 2129 et
857 2071 925 2130 olim

294 2152 343 2209 Sic
357 2152 426 2209 erit:
447 2152 589 2228 quondam
604 2151 714 2209 cithari
728 2161 871 2208 tacentem

294 2230 419 2288 Suscitat
433 2229 558 2302 Musam,
572 2250 666 2306 neque
679 2249 791 2307 semper
805 2249 904 2288 arcum

491 2309 610 2382 Tendit,
624 2309 738 2387 Apollo,

293 2388 395 2446 Rebus
409 2389 538 2466 angustis
551 2390 696 2448 animosus
710 2399 795 2466 atque

292 2463 387 2526 Fortis
401 2487 521 2545 appare:
542 2469 688 2542 sapienter
697 2469 774 2525 idem

292 2546 453 2604 Contrahes
466 2557 550 2603 vento
563 2543 685 2602 nimium
699 2546 826 2602 secundo

491 2623 623 2700 Turgida
636 2623 707 2681 vela.

538 2939 622 2998 ODE
643 2938 729 2998 VIII.

511 3077 551 3116 An
567 3077 748 3122 QUINCTIUM.

293 3178 379 3241 Qum
392 3177 544 3236 bellicosus
558 3178 713 3250 Cantaber,
726 3187 755 3235 et
769 3175 900 3253 Scythes,

295 3257 417 3334 Hirpine
431 3257 565 3330 Quincti,
579 3258 695 3334 cogitet,
710 3255 822 3314 Hadria

334 3336 450 3395 Divisus
463 3338 584 3413 objecto,
599 3337 726 3394 remittas

373 3415 532 3476 Quaerere:
553 3433 609 3472 nec
622 3416 746 3491 trepides
760 3414 790 3472 in
804 3433 889 3473 usum

296 3493 444 3552 Poscentis
458 3493 509 3549 aevi
523 3511 623 3568 pauca.
658 3493 746 3568 Fugit
758 3504 833 3551 retro

295 3573 380 3630 Levis
393 3571 539 3642 luventas,
554 3580 583 3627 et
596 3569 701 3643 Decor,
715 3572 795 3628 aridi

335 3650 462 3709 Pellente
476 3649 595 3707 lascivos
609 3650 731 3706 Amores

375 3729 499 3800 canitie,
514 3729 683 3804 facilemque
698 3729 846 3786 Somnum.

295 3807 364 3867 Non
378 3827 488 3884 semper
503 3808 579 3865 idem
593 3807 709 3866 floribus
719 3818 763 3866 est
776 3808 865 3866 houor

296 3888 419 3959 Vemis3
440 3905 532 3962 neque
547 3906 605 3945 uno
619 3888 703 3945 Luna
716 3887 822 3946 rubens
835 3887 908 3945 nitet
