2617 4442
197 354 255 413 180
519 349 550 406 Q.
568 346 717 396 HORATII
733 345 860 395 FLAGGI

234 490 333 553 Tantd
346 493 427 572 plura
441 492 533 570 cupis,
547 491 657 549 nulline
671 489 785 548 faterier
798 488 907 547 audes'l

235 574 267 633 Si
281 574 383 632 vulnus
396 571 448 630 tibi
461 571 619 630 monstrati
632 570 730 628 radice
744 569 788 626 vel
802 568 892 625 herba

235 652 303 712 Non
318 652 398 710 fieret
410 651 510 724 levius,
524 650 646 727 fugeres,
661 649 758 706 radice
771 647 816 705 vel
830 646 920 704 herbfa
1137 651 1188 709 150

236 731 406 790 Proficiente
420 730 503 803 nihil,
517 728 664 787 ourarierl
705 726 860 799 Audieras,
873 726 922 783 cui

235 811 313 868 Rem
327 810 357 868 di
372 811 520 882 donarent,
534 808 575 867 illi
589 807 730 865 decedere
742 824 858 882 pravam

237 890 411 960 Stultitiam3
432 899 471 962 et,
484 906 572 965 quum
585 888 624 947 sis
638 885 728 943 nihilo
741 884 894 961 sapientior
906 902 944 941 ex
956 903 1012 960 quo

236 968 350 1028 Plenior
364 988 406 1042 es,
420 979 516 1025 tamen
530 967 618 1025 uteris
631 964 818 1023 monitoribus
831 962 945 1021 isdeml

237 1049 278 1105 At
291 1050 315 1105 si
329 1048 434 1106 divitie
447 1048 616 1123 prudentem
630 1045 750 1102 reddere
762 1053 889 1119 possent,
1135 1045 1190 1102 155

237 1128 269 1185 Si
283 1127 420 1203 cupidum
434 1126 621 1200 timidumque
635 1123 732 1181 minda
746 1133 792 1192 te;
813 1140 919 1201 nempe
931 1122 1060 1196 nuberes,

236 1206 353 1264 Viveret
366 1207 396 1264 in
410 1204 491 1263 terris
504 1214 532 1261 te
546 1204 570 1261 si
583 1203 646 1279 quis
661 1200 770 1260 avarior
783 1220 850 1259 uno.

276 1289 295 1315 “
308 1285 340 1342 Si
353 1283 497 1362 proprium
511 1294 554 1341 est
567 1283 641 1358 quod
654 1281 720 1356 quis
732 1280 805 1339 libra
818 1291 961 1339 mercatus
971 1291 1001 1339 et
1014 1300 1070 1340 aere
1084 1292 1138 1356 est,

235 1362 391 1436 Quadam,
405 1364 429 1421 si
442 1364 536 1421 credis
550 1361 698 1433 consultis,
712 1360 857 1435 mancipat
869 1380 952 1431 usus;

237 1442 300 1505 Qui
312 1454 342 1502 te
355 1443 447 1520 pascit
460 1460 537 1519 ager,
550 1453 617 1499 tuus
630 1451 690 1510 est;
711 1450 741 1497 et
754 1440 866 1497 villicus
879 1438 963 1513 Orbi,
1135 1440 1191 1499 160

237 1521 339 1584 Quum
353 1533 464 1599 segetes
478 1530 570 1594 oeeat,
584 1519 636 1578 tibi
649 1538 716 1577 mox
729 1518 872 1577 frumenta
884 1519 1010 1592 daturas,

238 1600 286 1659 Te
300 1602 448 1660 dominum
462 1601 556 1659 sentit.
598 1599 659 1657 Das
671 1617 820 1669 nummos;
841 1597 950 1674 accipis
963 1616 1058 1672 uvam,

239 1680 345 1753 Pullos,
358 1700 421 1754 ova,
435 1682 539 1739 cadum
554 1680 671 1737 temeti:
691 1697 795 1753 nempe
809 1678 894 1735 modo
908 1678 962 1737 isto

239 1759 379 1818 Paulatim
393 1761 529 1819 mercaris
542 1777 652 1835 agrum,
665 1758 781 1815 fortasse
794 1758 939 1831 trecentis,

238 1840 300 1897 Aut
313 1838 399 1897 etiarn
413 1837 509 1915 suprd,
523 1856 704 1896 nummorum
718 1836 842 1894 millibus
855 1848 991 1912 emptum.
1135 1837 1191 1895 165

238 1916 320 1979 Quid
334 1918 428 1990 refert,
443 1918 519 1975 vivas
532 1927 684 1975 numerato
697 1935 797 1992 nuper,
812 1935 848 1973 an
862 1915 954 1973 olimf

238 1994 358 2072 Emptos
371 1997 484 2054 Aricini
498 1997 641 2072 quondam
655 1996 787 2054 Veientis
800 2007 829 2053 et
842 1995 900 2053 arvi

238 2074 374 2152 Emptum
388 2086 484 2133 eoenat
495 2076 568 2148 olus,
582 2076 711 2151 quamvis
724 2075 805 2133 aliter
818 2085 914 2151 putat3
935 2074 1039 2150 emptis

240 2154 302 2212 Sub
315 2163 428 2214 noctem
441 2156 564 2232 gelidam
579 2155 665 2232 lignis
678 2154 827 2213 calefactat
840 2157 961 2212 aenum:

240 2235 298 2292 Sed
313 2245 394 2293 vocat
407 2254 496 2311 usque
510 2254 603 2308 suum,
617 2234 674 2310 quia
688 2234 810 2310 populus
823 2234 915 2291 adsita
928 2232 1013 2291 certis
1135 2234 1192 2291 170

239 2312 392 2373 Limitibus
405 2316 500 2375 vicina
513 2315 617 2392 refugit
627 2314 738 2392 jurgia3
759 2324 893 2388 tanquam

240 2394 285 2452 Sit
297 2394 441 2471 proprium
455 2395 618 2471 quidquam,
632 2404 740 2471 puncto
753 2393 829 2467 quod
842 2392 954 2450 mobilia
967 2392 1054 2464 horae,

239 2472 328 2532 Nunc
341 2494 437 2551 prece,
451 2494 530 2533 nunc
543 2475 642 2551 pretio,
657 2492 735 2530 nune
749 2473 785 2545 vi,
799 2490 878 2529 nuno
891 2481 967 2529 sorte
980 2470 1124 2547 supremi,

238 2552 386 2611 Permutet
399 2554 528 2611 dominos
542 2566 570 2611 et
584 2555 668 2611 cedat
681 2553 711 2610 in
722 2552 810 2609 altera
820 2551 892 2628 jura.

240 2632 300 2704 Sic,
314 2634 380 2707 quia
390 2643 542 2708 perpetuus
556 2631 627 2689 nulli
641 2633 723 2689 datur
737 2650 815 2704 usus,
829 2641 859 2688 et
872 2632 963 2688 heres
1135 2631 1193 2687 175

240 2708 393 2768 Heredem
407 2710 533 2782 ulterius,
547 2711 624 2769 velut
637 2713 715 2768 unda
727 2709 890 2787 supervenit
903 2710 1021 2781 undam,

238 2788 321 2850 Quid
335 2789 390 2847 vici
403 2801 530 2865 prosunt,
545 2801 595 2848 aut
607 2792 729 2849 horrea'l
749 2791 853 2865 quidve
867 2788 998 2847 Calabris

240 2867 365 2925 Saltibus
378 2868 483 2944 adjecti
496 2869 617 2941 Lucani,
632 2870 656 2927 si
670 2870 751 2927 metit
763 2869 859 2927 Orcus

238 2945 366 3005 Grandia
379 2966 446 3004 cum
459 2948 562 3024 parvis,
576 2967 634 3007 non
648 2949 800 3007 exorabilis
811 2949 900 3006 anrol

278 3029 297 3055 “
312 3026 458 3099 Gemmas,
472 3047 604 3100 marmor,
618 3027 698 3100 ebur,
713 3028 866 3104 Tyrrhena
879 3026 981 3103 sigilla,
995 3025 1124 3098 tabellas,

238 3106 410 3182 Argentum,
425 3118 516 3165 vestes
529 3107 642 3165 Gaetulo
655 3108 765 3165 murice
779 3108 893 3179 tinctas,
1135 3104 1191 3162 181

239 3186 314 3244 Sunt
327 3186 375 3263 qui
389 3206 446 3245 non
461 3187 601 3259 habeant;
622 3187 727 3262 estqui
740 3206 799 3247 non
813 3195 894 3244 curat
907 3184 1021 3242 habere.

238 3266 299 3324 Cur
312 3267 382 3324 alter
396 3266 512 3324 fratrum
526 3286 638 3325 cessare
652 3278 682 3325 et
694 3267 793 3324 ludere
807 3276 836 3322 et
849 3264 919 3339 ungi

238 3344 373 3403 Praeferat
386 3345 511 3404 Herodis
525 3346 654 3423 palmetis
668 3345 822 3421 pinguibus
834 3364 841 3413 ;
863 3344 944 3413 alter,

237 3422 325 3481 Dives
338 3434 368 3481 et
380 3425 567 3500 importunus,
581 3426 617 3483 ad
632 3426 762 3482 umbram
775 3424 848 3481 lueis
861 3423 974 3479 abortu
1137 3419 1195 3477 185

239 3502 411 3577 Sylvestrem
425 3502 546 3560 flammis
558 3514 588 3561 et
602 3504 676 3562 ferro
689 3504 801 3580 mitiget
813 3519 929 3579 agrnm;

239 3580 301 3638 Scit
314 3580 434 3652 Genius,
448 3581 542 3638 natale
556 3601 653 3639 eomes
666 3584 714 3657 qui
728 3591 868 3658 temperat
882 3591 1000 3651 astrum,

237 3656 356 3716 Naturae
370 3660 441 3717 deus
455 3660 596 3732 humanae,
611 3662 737 3719 mortalis
751 3662 782 3719 in
795 3679 898 3718 unum·

238 3737 369 3815 quodque
383 3748 478 3815 caput,
493 3738 572 3795 vultu
587 3740 741 3813 mutabilis,
756 3741 838 3798 albus
852 3749 882 3797 et
895 3748 965 3795 ater.

277 3819 297 3850 ‘⁴
308 3816 389 3890 Utar,
402 3827 432 3874 et
445 3836 482 3875 ex
495 3818 617 3891 modico,
632 3817 772 3893 quantiam
786 3839 832 3877 res
845 3827 953 3894 poscet,
968 3834 1072 3875 acervo
1139 3814 1195 3873 190

239 3893 372 3966 Tollam;
394 3913 449 3954 neo
464 3907 590 3953 metuam
605 3898 673 3971 quid
687 3898 724 3955 de
738 3917 785 3955 me
796 3898 908 3973 judicet
921 3897 1023 3967 heres,
