2617 4442
168 390 225 449 1⁴12
487 387 518 445 Q.
537 384 684 435 HORATll
700 384 835 435 Fuuccr.

209 530 320 590 Erucas
333 531 448 605 virides,
463 530 556 591 inulas
570 549 625 607 ego
637 530 746 607 primus
760 547 871 587 amaras

207 610 365 671 Monstravi
378 613 549 687 incoquere;
571 610 667 667 illutos
681 609 818 667 Curtillus
831 608 963 683 echinos,

206 690 245 748 Ut
258 688 360 749 melius
383 692 576 766 murid,quam
590 700 664 747 testa
676 689 787 746 marina
799 688 944 746 remittit'¹

207 768 322 827 Interea
335 789 474 847 suspensa
487 788 588 846 graves
602 768 693 825 aulaea
705 768 803 825 ruinas

207 847 242 906 In
257 849 382 925 petinam
396 847 502 921 secere,
517 848 659 906 trahentia
670 847 793 923 pulveris
807 845 860 903 atri

207 928 359 988 Quantum
373 947 431 986 non
445 928 552 1005 Aquilo
566 926 722 1003 Campanis
735 926 841 984 excitat
854 924 938 1001 agris.

208 1006 270 1065 Nos
284 1007 376 1083 majus
389 1008 481 1080 veriti,
495 1017 642 1084 postquam
657 1005 728 1062 nihil
743 1024 806 1062 esse
819 1004 921 1079 pericli

209 1086 368 1159 Sensimus,
382 1087 525 1162 erigimur.
567 1084 664 1142 Rufus
677 1084 768 1161 posito
781 1083 887 1159 capite,
901 1093 933 1139 ut
945 1081 970 1141 si

210 1165 302 1223 Filius
315 1166 483 1223 immaturus
496 1162 613 1234 obisset,
627 1162 703 1220 flere.
744 1163 823 1223 Quis
835 1172 911 1219 esset

209 1243 300 1316 Finis,
315 1243 345 1301 ni
360 1244 474 1320 sapiens
487 1244 529 1300 sic
543 1242 744 1299 Nomentanus
757 1242 884 1299 amicum
1123 1243 1167 1301 60

209 1322 359 1381 Tolleretl
400 1323 497 1379 “Heu
511 1321 653 1380 Fortuna!
675 1320 739 1396 quia
752 1333 797 1379 est
810 1321 952 1379 crudelior
966 1319 997 1379 iu
1010 1340 1063 1380 uos

209 1401 256 1460 Te
270 1402 361 1459 deusl
382 1413 413 1459 ut
426 1420 538 1477 semper
551 1400 660 1477 gaudes
673 1399 792 1457 illudere
806 1401 892 1457 rebus

209 1480 368 1539 Humanis!
379 1482 395 1509 ’'
423 1481 528 1539 Varius
541 1479 643 1555 mappd
657 1497 839 1555 composuere
853 1479 943 1537 risum

208 1561 267 1617 Vix
281 1570 397 1638 poterat.
438 1560 561 1632 Balatro,
576 1558 753 1634 suspendens
763 1559 861 1616 omnia
874 1578 954 1632 nuso,

209 1644 228 1671 ⁴‘
244 1639 317 1697 Haec
331 1650 374 1697 est
387 1640 513 1698 conditio
526 1638 668 1710 vivendi,'’
684 1638 795 1707 aiebat3
816 1643 836 1669 “
851 1636 944 1714 adque
1122 1638 1166 1696 65

209 1718 397 1795 Responsura
409 1730 458 1777 tuo
472 1736 618 1793 nunquam
631 1727 675 1775 est
688 1737 738 1794 par
753 1717 827 1775 fama
839 1717 939 1775 labori.

210 1797 305 1871 Tene,
319 1808 351 1855 ut
364 1817 419 1875 ego
432 1798 555 1874 accipiar
568 1795 657 1868 laute,
671 1795 825 1872 torquerier
839 1797 918 1854 omni

212 1876 410 1933 Sollicitudine
424 1876 605 1933 districtum'l
625 1894 663 1933 ne
677 1876 759 1951 panis
772 1876 902 1949 adustus,

210 1954 258 2012 Ne
272 1952 347 2011 male
360 1956 510 2012 conditum
521 1954 568 2031 jus
582 1957 759 2029 apponatur‘l
778 1964 811 2012 ut
823 1974 924 2013 omnes

211 2033 364 2092 Praecincti
379 2030 458 2091 recte
472 2033 553 2109 pueri
567 2032 730 2109 comptique
744 2034 926 2093 ministrent?
1122 2035 1165 2093 70

212 2113 297 2171 Adde
311 2114 363 2171 hos
375 2124 512 2189 practerea
526 2131 626 2170 casus:
648 2113 739 2171 aulaea
751 2125 836 2171 ruant
849 2114 883 2186 si,

210 2191 249 2249 Ut
262 2189 364 2259 modd;
386 2192 409 2249 si
422 2193 548 2269 patinam
561 2193 634 2269 pede
647 2192 744 2269 lapsus
758 2193 869 2269 frangat
882 2211 976 2270 agaso.

212 2272 270 2329 Sed
284 2272 479 2346 convivatoris,
494 2268 536 2330 uti
549 2272 642 2344 ducis,
657 2273 805 2348 ingenium
819 2292 865 2329 res

211 2351 346 2409 Adversae
361 2352 469 2409 nudare
483 2352 582 2424 solent,
597 2352 691 2409 celare
705 2352 868 2409 secundae.''

211 2430 388 2489 Nasidienus
402 2432 439 2488 ad
454 2432 531 2489 haec:
553 2430 648 2488 “Tibi
663 2430 703 2502 di,
716 2449 893 2507 quecunque
907 2430 1042 2507 preceris,
1123 2433 1166 2489 75

211 2510 370 2568 Commoda
382 2511 466 2579 dent;
488 2510 527 2568 ita
538 2510 577 2567 vir
592 2510 684 2568 bonus
697 2529 728 2566 es
742 2510 914 2586 convivaque
929 2509 1046 2567 comis.’¹

211 2587 249 2645 Et
263 2590 352 2646 soleas
366 2590 464 2664 poscit.
506 2589 584 2646 Tum
600 2589 629 2645 in
644 2589 719 2646 lecto
731 2607 843 2665 quoque
856 2589 966 2647 videres

212 2667 339 2725 Stridere
352 2668 463 2724 secreta
473 2666 577 2725 divisos
591 2686 660 2725 aure
673 2686 811 2726 susurros.

588 2819 734 2852 nonanus.

211 2906 314 2965 Nullos
328 2907 373 2964 his
386 2906 499 2965 mallem
513 2907 595 2966 ludos
609 2908 771 2985 spectasse:
792 2910 843 2968 sed
854 2910 902 2968 illa

211 2987 325 3059 Redde,
340 3005 403 3062 age,
417 3006 480 3063 qum
494 2987 630 3065 deinceps
644 2988 739 3046 risisti.

583 3158 745 3194 FUNDARIUS·

824 3226 958 3284 Vibidius
973 3226 1041 3283 dum
1123 3226 1164 3284 80

209 3303 324 3367 Quaerit
337 3306 373 3363 de
387 3306 484 3383 pueris
497 3324 566 3363 num
580 3306 616 3365 sit
629 3325 740 3384 quoque
755 3305 844 3363 fracta
857 3307 969 3382 lagena,

209 3384 300 3446 Qudd
314 3385 367 3442 sibi
382 3386 509 3461 poscenti
523 3405 581 3443 non
595 3387 698 3443 dentur
711 3386 829 3461 pocula;
851 3385 975 3461 dumque

210 3464 334 3521 Ridetur
349 3463 423 3519 fictis
436 3482 540 3534 rerum,
554 3463 705 3522 Balatrone
719 3465 848 3522 secundo
856 3484 864 3535 ;

210 3541 378 3613 Nasidiene,
392 3541 467 3598 redis
481 3552 594 3598 mutatae
609 3543 718 3615 frontis,
732 3554 763 3600 ut
777 3556 836 3601 arte

211 3619 422 3678 Emendaturus
437 3620 594 3690 fortunam3
616 3622 721 3679 deinde
736 3623 848 3697 sequuti

211 3698 385 3755 lllazonomo
398 3700 478 3773 pueri
493 3718 597 3774 magno
611 3702 753 3777 discerpta
767 3701 891 3759 ferentes

211 3778 341 3834 Membra
354 3778 442 3853 gruis,
457 3780 545 3854 sparsi
559 3779 618 3836 sale
632 3779 731 3851 multu,
745 3799 803 3838 non
818 3782 880 3837 sine
895 3781 976 3853 sarra,

211 3856 369 3932 Pinguibus
383 3867 412 3913 et
426 3856 487 3914 ficis
500 3869 611 3933 pastum
623 3854 705 3934 jecur
717 3860 826 3917 anseris
839 3860 910 3930 albi;
