2617 4442
451 297 482 353 Q.
500 297 646 345 HORATII
664 296 789 346 FLAccr

203 438 270 498 Nec
283 450 341 498 tum
355 438 476 497 Larissae
488 440 629 516 percussit
642 459 760 516 campus
773 441 886 517 opimae,

321 515 422 580 Quem
436 520 537 576 domus
550 519 693 577 Albuneae
707 521 876 593 resonantis,
893 565 896 569 .

203 597 242 658 Et
254 616 381 734 praecpps
394 599 481 671 Anio,
496 618 531 656 ac
545 597 670 656 Tiburni
683 599 775 673 lucus,
789 610 818 656 et
831 600 889 658 uda

356 678 477 736 obilibus
490 677 616 754 pomaria
628 678 704 736 rivis.

203 757 296 815 Albus
309 766 342 815 ut
354 757 476 815 obscuro
490 759 619 833 deterget
631 757 730 815 nubila
744 757 816 816 coelo

322 833 406 912 Saepe
420 835 525 908 Notus,
539 855 632 912 neque
646 837 765 913 parturit
778 837 883 895 imbres

202 915 374 992 Perpetuos;
396 916 438 973 sic
451 926 482 973 tu
497 917 609 992 sapiens
623 917 705 973 finire
719 927 863 974 memento

321 993 480 1052 Tristitiam
494 996 612 1071 vitaeque
625 996 737 1053 labores

202 1071 294 1146 Molli,
308 1073 425 1146 Plance,
440 1093 535 1144 mer0;
557 1094 608 1132 seu
622 1087 650 1132 te
665 1074 802 1150 fulgentia
815 1074 905 1151 signis

321 1152 422 1210 Castra
435 1164 543 1226 tenent,
558 1173 609 1212 seu
623 1156 713 1212 densa
725 1154 834 1212 tenebit
1072 1155 1112 1214 20

201 1231 320 1289 Tiburis
334 1233 434 1290 umbra
448 1233 498 1290 tui.
540 1227 657 1290 Teucer
672 1234 817 1290 Salamina
829 1244 993 1310 patremque

319 1311 420 1372 Quum
435 1311 553 1387 fugeret,
567 1323 663 1370 tamen
678 1308 735 1370 uda
749 1312 836 1387 Lyaeo

201 1390 346 1468 Tempora
359 1390 480 1468 populea
495 1391 582 1450 fertur
595 1392 719 1449 vinxisse
732 1391 849 1465 coronal,

320 1470 370 1527 Sic
383 1471 478 1528 tristes
492 1471 593 1528 effatus
607 1472 731 1528 amicos:

201 1554 219 1580 “
228 1546 300 1611 Qub
314 1569 367 1607 nos
381 1568 494 1624 cunque
510 1550 581 1608 feret
594 1551 692 1607 melior
707 1551 819 1608 fortuna
832 1560 960 1626 parente,
1071 1552 1111 1610 25

319 1628 439 1702 Ibimus,
453 1649 471 1686 o
485 1631 555 1688 socii
569 1631 759 1705 comitesque!

199 1706 250 1765 Nil
265 1708 473 1785 desperandum
489 1709 605 1766 Teucro
619 1711 703 1780 duce,
718 1720 747 1766 et
761 1709 876 1784 auspice
890 1708 1007 1767 Teucro
1014 1728 1023 1779 ς

318 1786 422 1844 Certus
435 1787 512 1844 enim
525 1787 654 1862 promisit
668 1787 772 1863 Apollo

200 1867 374 1943 Ambiguum
388 1866 487 1924 tellure
501 1867 575 1924 nove
590 1866 736 1923 Salamina
750 1865 882 1923 futuram.

317 1944 345 2002 Ο
360 1946 445 2003 fortes
458 1945 609 2020 pejoraque
622 1945 699 2020 passi
1069 1946 1109 2004 30

199 2023 318 2083 Mecum
332 2022 409 2101 saepe
424 2025 491 2081 viri!
513 2044 593 2081 nunc
606 2024 673 2081 vino
685 2023 782 2100 pellite
796 2043 895 2081 curas.

318 2103 391 2162 Cras
404 2104 506 2180 ingens
520 2103 686 2162 iterabimus
700 2104 822 2179 aequer.'’

529 2423 613 2481 ODE
627 2423 697 2481 VII.

519 2559 559 2596 An
580 2558 706 2596 L'YDIAM.

434 2656 543 2730 Lrnm,
558 2657 614 2729 dic,
628 2675 679 2732 per
692 2675 792 2715 omnes

235 2735 283 2797 Te
296 2737 365 2796 deos
377 2756 446 2795 oro:
468 2737 589 2811 Sybarin
604 2755 655 2793 cur
668 2754 802 2812 properas
816 2734 938 2793 amando

432 2815 577 2873 Perderel
597 2833 649 2872 cur
663 2815 790 2891 apricum

235 2895 338 2955 Oderit
350 2914 494 2971 campum,
507 2895 618 2970 patiens
631 2894 754 2969 pulveris
768 2904 851 2969 atque
865 2892 951 2951 solisl

433 2973 494 3032 Cur
507 2993 600 3049 neque
614 2973 748 3033 militaris,
1085 2975 1107 3033 5

235 3052 314 3112 Inter
328 3053 450 3130 equales
463 3053 579 3129 equitat,
594 3052 706 3111 Gallica
718 3071 774 3110 nec
786 3051 891 3128 lupatis

431 3131 588 3208 Temperat
601 3152 651 3191 ore
665 3132 780 3189 fraenisl

234 3210 295 3270 Gur
307 3209 388 3270 timet
401 3210 504 3269 flavum
519 3211 650 3270 Tiberim
664 3212 802 3288 tangerel
823 3230 875 3270 cur
887 3210 994 3270 olivum

433 3293 581 3368 Sanguine
595 3292 723 3368 viperino

234 3368 357 3429 Cautibs
370 3372 458 3429 vitati
479 3391 572 3447 neque
583 3372 642 3447 jam
657 3371 743 3429 livida
756 3381 849 3448 gestat
862 3369 948 3427 armis
1069 3369 1105 3427 10

432 3451 564 3523 Brachia,
579 3448 655 3527 saepe
671 3451 760 3523 disco,

234 3529 319 3606 Saepe
332 3539 411 3588 trans
424 3529 512 3586 finem
523 3530 619 3604 jaculo
633 3530 736 3587 nobilis
750 3528 902 3605 expeditol

430 3607 512 3669 Quid
527 3608 604 3681 latet,
618 3618 650 3666 ut
663 3609 781 3665 marinre

233 3686 339 3746 Filium
354 3688 454 3746 dicunt
467 3687 601 3746 Thetidis
615 3688 669 3744 sub
682 3687 840 3763 lacrymosa
853 3683 949 3761 Trojae

430 3767 556 3840 Funera,
570 3785 607 3824 ne
622 3767 710 3824 virilis

234 3845 336 3906 Cultus
350 3848 380 3906 in
395 3848 503 3906 cedem
517 3858 546 3906 et
560 3847 664 3922 Lycias
676 3846 832 3924 proriperet
845 3843 993 3902 catervasl
