2617 4442
425 389 672 440 EPISTOLARUM
691 389 757 437 LIB.
775 391 797 438 1.
815 391 855 439 16.
1066 394 1118 450 161

173 532 410 609 Praeteragendus
424 552 530 609 equus:
552 529 650 595 “Qud
664 533 779 592 tendisl
798 552 856 591 nou
870 533 943 591 mihi
955 531 1065 592 Cumas

173 612 226 670 Est
240 612 303 684 iter,
317 623 366 669 aut
379 613 492 686 Baias,”
508 612 578 670 lavia
591 613 787 671 stomachosus
799 612 921 669 habena·

173 690 261 747 Dicet
273 709 376 765 eques:
397 692 448 749 sed
461 692 542 767 equis
555 692 674 749 frenato
686 701 730 749 est
743 691 819 748 auris
832 692 863 748 in
875 710 925 750 ore
934 690 956 771 z)

173 768 266 845 Major
280 781 374 827 utrum
387 771 523 846 populum
537 770 673 829 frumenti
687 771 769 845 copia
781 781 894 845 pascat;

173 848 355 906 collectosne
370 849 468 907 bibant
481 850 595 921 imbres,
609 860 747 924 puteosne
760 868 902 924 perennes
1087 849 1124 905 15
1220 920 1222 925 Ι

172 926 192 983 J
195 928 258 1004 ugis
272 946 369 1002 aquae:
392 926 473 999 (nam
488 928 554 985 vina
567 928 638 985 nihil
652 947 745 986 moror
759 927 834 984 illius
847 945 921 986 orte:

173 1005 256 1064 Rure
270 1024 334 1063 meo
347 1026 462 1082 possum
475 1006 586 1082 quidvis
598 1008 723 1083 perferre
735 1007 849 1081 patique
860 1026 870 1076 ;

174 1085 223 1141 Ad
237 1102 315 1141 mare
328 1104 416 1160 quum
430 1087 506 1158 reni,
520 1104 690 1161 generosum
703 1097 733 1143 et
745 1086 811 1142 lene
825 1084 946 1160 requiro,

173 1162 263 1225 Quod
278 1182 360 1221 curas
374 1165 480 1240 abigat,
494 1165 649 1239 quodcum
664 1184 714 1239 spe
728 1164 814 1221 divite
827 1174 925 1222 manet

173 1241 209 1299 In
224 1261 311 1299 venas
325 1244 507 1319 animumque
521 1260 626 1314 meum,
640 1244 716 1318 quod
731 1243 815 1299 verba
827 1242 992 1323 ministret.)
1085 1245 1125 1302 20

174 1320 299 1379 Tractus
312 1332 374 1380 uter
387 1322 483 1399 plures
496 1322 614 1398 lepores,
628 1334 691 1379 uter
704 1322 808 1378 educet
821 1341 919 1397 apros3

174 1400 244 1458 Utra
257 1398 348 1477 magis
361 1402 455 1477 pisces
468 1412 497 1459 et
510 1401 627 1459 echinos
641 1420 754 1476 aequora
767 1400 878 1471 celent;

174 1479 293 1555 Pinguis
306 1491 338 1537 ut
351 1480 419 1537 inde
434 1481 549 1539 domum
562 1479 668 1555 possim
683 1480 843 1554 Phaeaxque
857 1481 978 1539 reverti:

174 1559 306 1615 Scribere
320 1570 348 1616 te
363 1558 455 1631 nobie,
469 1558 521 1616 tibi
534 1577 586 1615 nos
599 1559 761 1630 accredere,
775 1577 825 1634 par
839 1570 890 1617 est.

214 1635 349 1709 Maenius,
363 1648 404 1709 ut,
418 1638 504 1694 rebus
517 1637 652 1694 maternis
666 1647 750 1711 atque
763 1638 889 1713 paternis
1085 1642 1125 1699 25

175 1713 298 1774 Fortiter
312 1716 478 1792 absumptis,
490 1717 615 1773 urbanus
630 1717 717 1791 coepit
727 1716 834 1789 haberi,

177 1796 283 1853 Scurra
295 1814 393 1872 vagus,
407 1814 465 1854 nou
480 1796 530 1870 qui
542 1806 651 1853 certum
665 1813 791 1871 praesepe
805 1805 923 1870 teneret,

176 1873 342 1951 Impransus
355 1894 413 1932 non
427 1874 475 1950 qui
489 1874 581 1931 civem
595 1875 776 1950 dignosceret
789 1874 879 1947 hoste,

174 1952 320 2013 Qualibet
333 1954 363 2011 in
378 1953 504 2030 quemvis
517 1954 668 2029 opprobria
681 1953 789 2029 fingere
802 1972 903 2028 savus,

174 2032 320 2090 Pernicies
334 2043 363 2089 et
376 2043 528 2108 tempestas
542 2033 759 2109 barathrumque
773 2033 895 2106 macelli,
1084 2037 1124 2094 30

174 2110 326 2186 Quidquid
338 2112 497 2187 quesierat,
511 2112 601 2169 ventri
615 2112 740 2169 donabat
753 2130 846 2169 avaro.

175 2189 245 2263 Hic,
260 2190 309 2247 ubi
322 2191 456 2269 nequitiae
470 2190 625 2249 fautoribus
639 2201 669 2249 et
681 2190 789 2248 timidis
802 2190 842 2247 nil

174 2269 236 2326 Aut
248 2269 365 2345 paulum
378 2270 541 2342 abstulerat,
554 2269 666 2345 patinas
680 2269 812 2327 coenabat
823 2269 924 2343 omasi,

174 2348 248 2405 Vilis
261 2359 290 2405 et
303 2349 426 2425 agninae,
439 2349 530 2407 trihus
543 2348 617 2405 ursis
630 2348 705 2424 quod
719 2345 788 2404 satis
801 2358 892 2417 esset;

176 2428 296 2487 Scilicet
310 2439 342 2486 ut
354 2438 467 2486 ventres
480 2426 577 2485 lamnia
590 2427 732 2485 candente
745 2435 882 2501 nepotum
1085 2430 1124 2487 35

175 2507 292 2565 Diceret
305 2507 438 2580 urendos,
452 2513 597 2565 corrector
609 2506 736 2566 Bestius.
780 2503 862 2562 Idem

174 2585 325 2662 Quidquid
338 2596 398 2644 erat
410 2596 512 2643 nactus
526 2586 628 2661 praedae
643 2584 766 2661 majoris,
779 2584 828 2640 ubi
842 2602 927 2641 omne

174 2666 306 2723 Verterat
319 2666 349 2723 in
364 2665 472 2722 fumum
486 2676 515 2722 et
529 2665 666 2736 cinerem,
681 2670 698 2695 “
709 2662 778 2721 Non
792 2661 908 2720 hercule
923 2662 1038 2738 miror,”

175 2745 289 2817 Aiebat,
304 2744 358 2801 “si
373 2744 420 2819 qui
433 2745 587 2802 comedunt
601 2744 685 2815 bona,
699 2761 787 2817 quum
801 2744 837 2800 sit
849 2742 936 2801 obeso

174 2823 225 2881 Nil
240 2824 342 2881 melius
356 2824 447 2895 turdo,
463 2822 502 2879 nil
517 2823 600 2879 vulva
613 2822 760 2899 pulchrius
773 2821 895 2897 amplis.”
1084 2823 1124 2881 40

175 2902 322 2960 Nimirum
337 2903 384 2960 hic
398 2920 452 2977 ego
466 2920 545 2971 sum;
566 2921 633 2959 nam
648 2912 709 2959 tuta
722 2911 751 2957 et
763 2899 880 2976 parvula
894 2900 990 2975 laudo,

173 2981 275 3042 Quum
288 3000 335 3039 res
349 2980 494 3052 deficiunt,
509 2978 577 3039 satis
591 2982 664 3038 inter
678 2980 744 3037 vilia
757 2980 852 3037 fortis:

174 3056 294 3133 Verum,
307 3060 357 3117 ubi
370 3060 439 3135 quid
452 3059 553 3116 melius
567 3060 708 3135 contingit
721 3070 749 3117 et
762 3058 887 3131 unctius,
901 3058 978 3117 idem
1030 3114 1034 3129 ,

174 3139 236 3197 Vos
249 3158 347 3216 sapere
361 3149 391 3197 et
404 3138 477 3196 solos
491 3138 537 3195 aio
550 3139 623 3197 berre
637 3138 742 3207 vivere,
755 3155 875 3211 quorum

174 3217 357 3295 Conspicitur
370 3217 468 3276 nitidis
483 3216 600 3275 lundata
614 3216 740 3293 pecunia
753 3214 835 3272 villis.
1083 3217 1123 3274 45

477 3568 681 3630 EPISTOLA
700 3569 785 3631 XVI.

515 3728 555 3769 AD
567 3728 746 3774 uuluc'rtust.

171 3849 222 3911 Ne
235 3851 421 3930 perconteris,
436 3850 540 3909 fundus
552 3868 643 3923 meus,
656 3850 763 3926 optime
772 3822 906 3922 Quincti,

171 3932 250 3991 Arvo
263 3942 362 4011 pascat
375 3932 485 4003 herum,
497 3949 533 3989 au
548 3929 645 3987 baccis
658 3929 804 4005 opulentet
816 3928 909 4003 oliva,

413 4010 475 4069 14*
