2617 4442
501 359 701 407 CARMINUM
718 360 785 408 LIB.
803 362 839 410 11.

332 501 459 580 Rapacis
473 500 543 559 Orci
557 501 614 558 fine
629 501 779 576 destinata,

491 580 569 638 Aula
582 582 699 639 divitem
713 592 811 640 manet

332 658 452 718 Herum.
486 660 569 721 Quid
582 659 657 718 ultra
670 662 785 719 tendisl
819 662 915 738 AEqua
927 664 1011 723 tellus

489 738 611 815 Pauperi
625 740 782 799 recluditur

332 819 505 896 Regumque
518 819 630 894 pueris:
651 839 708 877 nec
721 819 833 877 satelles
846 820 918 881 Orci

490 897 635 955 Callidum
648 898 820 957 Promethea

331 977 464 1050 Revexit,
479 996 548 1034 auro
562 988 670 1055 captus.
711 978 771 1036 Hic
784 980 937 1055 superbum
989 1047 999 1052 ,
1077 1009 1081 1014 ’

490 1055 647 1114 Tantalum
662 1068 746 1134 atque
760 1058 878 1118 Tantali

331 1136 432 1194 Genus
445 1138 575 1194 coercet:
597 1138 644 1194 hic
659 1138 753 1195 levare
766 1138 897 1197 fiructum

489 1215 648 1292 Pauperem
662 1217 816 1290 laboribus,

332 1295 459 1353 Vocatus
473 1305 556 1371 atque
569 1314 627 1354 nou
641 1308 768 1371 vocatus,
782 1297 869 1355 audit

576 1607 662 1666 ODE
681 1608 766 1666 XVI.

571 1746 604 1785 ΙΝ
619 1746 772 1786 BACCHUM.

332 1848 482 1907 Baccnum
496 1847 525 1904 in
540 1847 655 1904 remotis
669 1847 799 1906 carmina
812 1851 929 1927 rupibus

333 1927 401 1986 Vidi
415 1928 567 1986 docentem
582 1924 716 2003 (credite,
729 1930 860 2009 posteri),

371 2007 576 2084 Nymphasque
590 2007 746 2079 discentes,
760 2018 789 2066 et
803 2029 886 2068 aures

409 2086 602 2164 capripedum
618 2087 783 2160 Satyrorum
798 2100 905 2147 acutas.

332 2164 425 2223 Evoel
446 2165 556 2224 recenti
570 2183 651 2222 mens
665 2166 788 2241 trepidat
801 2179 890 2240 metu,

330 2245 475 2319 Plenaque
489 2243 598 2302 Bacchi
611 2254 727 2320 pectore
741 2244 887 2304 turbidum

369 2322 516 2398 Laetatur!
550 2322 643 2379 Evoel
664 2341 761 2397 parce,
775 2324 877 2381 Liber!

412 2401 513 2472 Parce,
528 2400 606 2476 gravi
621 2401 774 2458 metuende
788 2402 899 2476 thyrsol

331 2481 390 2538 Fas
403 2480 567 2557 pervicaces
581 2489 624 2537 est
637 2479 709 2537 mihi
724 2479 882 2556 Thyiadas,
1034 2553 1038 2560 Ι

332 2560 458 2636 Vinique
472 2560 588 2631 sontem,
603 2559 686 2616 lactis
699 2569 729 2617 et
742 2560 844 2619 uberes
932 2622 935 2626 ,
955 2604 958 2608 -

371 2639 495 2697 Cantare
509 2639 592 2711 rivos,
604 2650 689 2714 atque
702 2641 812 2699 truncis

409 2718 503 2796 Lapsa
517 2718 594 2775 cavis
607 2719 711 2776 iterare
725 2721 817 2778 mella.

331 2797 388 2856 Fas
402 2808 431 2856 et
444 2798 534 2856 beatae
548 2797 679 2874 conjugis
693 2799 820 2857 additum

331 2878 427 2936 Stellis
440 2878 586 2950 honorem,
600 2888 732 2953 tectaque
746 2878 870 2938 Penthei

369 2957 496 3032 Disjecta
510 2976 568 3015 uon
582 2956 640 3014 leui
653 2958 748 3030 ruina,

410 3036 533 3094 Thracis
547 3047 576 3094 et
589 3036 708 3095 exitium
722 3038 855 3115 Lycurgi.

331 3114 380 3171 Tu
393 3115 485 3174 flectis
498 3135 607 3188 amneS,
622 3127 653 3174 tu
668 3136 746 3174 mare
760 3117 928 3177 barbarum:

329 3194 380 3252 Tu
393 3196 529 3270 separatis
542 3196 644 3252 uvidus
658 3196 688 3252 in
700 3196 777 3270 jugis

369 3270 400 3328 N
401 3274 456 3330 odo
469 3277 593 3331 coerces
602 3273 730 3346 viperino

412 3351 594 3410 Bistonidum
609 3351 671 3408 sine
686 3351 784 3408 fraude
798 3351 908 3413 crines:

329 3430 392 3503 Tu,
403 3448 490 3506 quum
503 3429 630 3506 parentis
643 3449 732 3506 regua
745 3450 795 3506 per
809 3433 929 3492 arduum

331 3511 441 3569 Cohors
455 3509 611 3586 Gigantum
626 3510 777 3569 scanderet
790 3511 887 3589 impia,

369 3590 509 3648 Rhoetum
524 3589 660 3648 retorsisti
673 3591 764 3649 leonis

408 3669 561 3746 Unguibus
574 3670 759 3745 horribilique
773 3671 865 3743 malit3

322 3747 514 3825 Quanquam,
529 3749 640 3807 choreis
660 3751 749 3826 aptior
763 3760 792 3808 et
803 3750 875 3826 jocis

330 3828 468 3906 Ludoque
482 3829 585 3902 dictuS,
599 3849 658 3889 non
672 3840 716 3888 sat
729 3829 849 3888 idoneus
