2617 4442
459 340 490 395 Q.
508 337 654 387 HORATII
672 337 796 387 sulcet

550 564 635 623 ODE
656 565 696 623 X.

516 703 549 741 IN
569 703 725 742 ARBOREM.

289 801 359 861 que
373 812 402 860 et
415 801 526 861 nefasto
539 814 568 860 te
581 804 675 879 posuit
688 804 745 876 die,

287 883 464 957 Quicunque
478 879 602 958 primum
616 893 646 940 et
660 881 799 958 sacrilegi
813 901 901 941 manu

328 961 475 1033 Produxit,
490 961 581 1033 arbos,
596 961 626 1019 in
640 972 776 1037 nepotum

367 1039 539 1113 Perniciem,
554 1041 791 1117 opprobriumque
801 1041 884 1118 pagi:

288 1118 374 1177 Illum
389 1129 418 1176 et
430 1121 555 1196 parentis
569 1120 739 1177 crediderim
753 1121 798 1177 sui

289 1197 421 1274 Fregisse
435 1199 587 1271 cervicem,
601 1209 631 1256 et
643 1199 800 1275 penetralia

329 1277 472 1355 Sparsisse
486 1288 627 1336 nocturno
642 1297 744 1337 cruore

369 1355 514 1432 Hospitis:
535 1357 583 1414 ille
596 1375 708 1415 venena
721 1357 842 1430 Colcha,

289 1433 328 1493 Et
337 1435 473 1510 quidquid
488 1455 606 1511 usquam
621 1437 781 1514 concipitur
794 1436 885 1510 nefas,

289 1514 446 1586 Tractavit‚
461 1533 529 1590 agro
542 1515 590 1589 qui
604 1516 703 1574 statuit
715 1535 781 1574 meo

328 1592 385 1664 Te,
400 1593 478 1651 triste
493 1593 612 1670 lignum,
626 1604 666 1667 te,
680 1594 822 1652 caducum

368 1671 404 1730 In
418 1673 526 1730 domini
540 1683 626 1748 caput
640 1673 825 1731 immerentis.

287 1750 370 1813 Quid
384 1751 504 1826 quisque
519 1751 596 1822 vitet,
610 1769 758 1826 nunquam
773 1751 881 1810 homiui
894 1747 964 1811 satis

289 1829 413 1887 Cautum
427 1839 479 1901 est,
494 1829 524 1886 in
538 1829 630 1886 horas.
672 1829 779 1887 Navita
791 1830 950 1908 Bosporum

328 1906 435 1966 Poenus
448 1908 647 1984 perhorrescit,
662 1926 755 1984 neque
769 1906 844 1968 ultre

367 1986 455 2044 Gaeca
468 1987 549 2045 timet
559 1987 675 2045 aliunde
690 1989 763 2058 sata;

288 2064 374 2124 Miles
387 2066 504 2142 sagittas
517 2076 546 2124 et
559 2066 682 2124 celerem
696 2067 794 2144 firgam

288 2144 402 2216 Parthi:
423 2156 540 2204 catenas
554 2145 676 2204 Parthus
689 2157 718 2204 et
731 2146 837 2206 Italum

327 2225 446 2283 Robur:
467 2226 517 2283 sed
531 2226 682 2302 improvisa
694 2226 745 2284 leti

367 2305 420 2364 Vis
432 2305 526 2404 rapuit
539 2306 684 2382 rapietque
695 2315 804 2382 gentes.

286 2382 387 2447 Quam
400 2404 475 2461 pene
491 2385 577 2442 furvae
591 2405 680 2462 regna
696 2385 884 2463 Proserpina,

288 2463 327 2522 Et
336 2463 515 2540 judicantem
529 2465 650 2522 vidimus
665 2463 809 2534 AEacum3

327 2543 473 2616 Sedesque
488 2543 625 2599 discretas
638 2543 751 2616 piorum
764 2553 794 2599 et

368 2620 470 2678 AEoliis
483 2619 587 2677 fidibus
597 2629 765 2694 querentem

288 2701 403 2777 Sappho
416 2698 517 2775 puellis
531 2699 567 2756 de
579 2697 778 2774 popularibus:

287 2779 325 2837 Et
338 2790 366 2837 te
380 2788 529 2836 sonantem
542 2775 655 2854 plenius
667 2796 763 2850 aureo,

326 2859 436 2930 Alcaee,
450 2857 558 2933 plectro
571 2858 642 2913 dura
656 2857 746 2928 naris,

365 2935 447 2993 Dura
461 2937 535 3012 fugae
549 2935 633 3008 mala,
648 2936 721 2993 dura
734 2935 817 2993 belli!

286 3015 444 3091 Utrumque
457 3033 539 3074 sacro
552 3016 639 3090 digna
650 3014 764 3072 silentio

287 3094 430 3153 Mirantur
444 3095 552 3152 umbras
566 3095 679 3152 dicere:
700 3093 751 3151 sed
765 3090 857 3170 magis

326 3175 441 3250 Pugnae
455 3184 484 3232 et
501 3183 616 3232 exactos
629 3185 764 3248 tyrannos

364 3253 494 3311 Densum
509 3253 635 3311 humeris
649 3253 722 3311 bibit
734 3271 803 3310 aure
816 3251 927 3328 vulgus.

284 3332 367 3396 Quid
381 3334 494 3406 mirum,
509 3333 558 3390 ubi
572 3333 628 3391 illis
641 3332 818 3392 carminibus
831 3342 949 3408 stupens

286 3411 417 3471 Demittit
430 3424 504 3471 atras
518 3412 612 3469 bellua
626 3413 773 3488 centiceps

325 3492 430 3563 Aures,
444 3501 473 3550 et
486 3491 581 3548 intorti
596 3490 706 3566 capillis

365 3569 559 3628 Eumenidum
573 3579 738 3626 recreantur
752 3568 882 3644 anguesl

284 3647 368 3710 Quin
382 3659 411 3706 et
424 3648 619 3719 Prometheus,
634 3658 663 3704 et
676 3647 790 3723 Pelopis
808 3664 922 3723 pareus,

285 3728 372 3785 Dulci
387 3727 515 3785 laborum
530 3726 670 3802 decipitur
683 3744 772 3783 sono:

325 3805 356 3863 N
357 3825 392 3864 ec
406 3817 487 3863 curat
500 3804 591 3863 Orion
605 3806 704 3863 leones

365 3886 426 3942 Aut
440 3885 555 3942 timidos
574 3884 680 3960 agitare
695 3883 801 3959 lyncas.
