2617 4442
406 402 654 454 EPISTOLARUM
672 403 738 454 LIB.
756 405 777 454 Ι.
794 408 819 455 7.

186 546 237 605 Ad
250 565 330 605 mare
343 547 500 605 descendet
512 558 590 605 vates
603 558 680 622 tuus,
693 559 723 607 et
736 549 791 608 sibi
804 561 912 627 parcet,

185 626 414 702 contractusque
424 626 518 703 leget;
538 638 577 699 te,
592 628 685 685 dulcis
699 630 801 702 annae,
815 630 918 687 reviset

186 705 262 763 Cum
276 704 428 782 Zephyris,
442 708 466 763 si
479 708 631 779 concedes,
646 719 676 765 et
689 707 843 766 hirundine
856 708 956 784 primi.
977 732 980 737 ’

226 783 304 857 Non,
318 804 374 860 quo
387 804 465 843 more
478 786 554 861 pyris
568 787 645 843 vesci
659 787 782 846 Calaber
791 788 873 864 jubet
886 789 998 865 hospes,

186 862 236 920 Tu
250 882 296 922 me
310 864 402 921 fecisti
415 864 594 940 locupletem.
636 869 655 897 “
670 866 806 940 vescere,
820 867 967 924 sodes.’'-
1100 867 1138 924 15
1220 895 1225 901 ·

187 947 205 973 “
221 941 239 998 J
242 962 288 999 am
301 940 371 999 satis
383 944 514 1000 est.’'-“
524 944 565 1000 At
578 954 609 1001 tu
622 944 803 1019 quantumvis
816 945 963 1003 tolle.''-“
977 942 1140 1023 Benigne&

186 1024 206 1051 “
223 1021 290 1079 Non
305 1022 397 1079 invisa
409 1022 482 1079 feres
492 1022 588 1097 pueris
602 1023 774 1082 munuscula
785 1025 942 1100 parvis?-

187 1104 205 1131 “
221 1100 298 1157 Tam
312 1112 410 1159 teneor
424 1102 508 1173 dono,
522 1099 609 1176 quim
623 1102 648 1158 si
662 1102 787 1159 dimittar
799 1107 985 1160 onustus.'’—

187 1184 206 1210 “
219 1178 258 1236 Ut
270 1180 355 1237 libet:
377 1181 439 1237 hec
452 1181 545 1257 porcis
558 1180 643 1239 hodie
657 1181 835 1239 comedenda
848 1182 1012 1259 relinquis.'’

186 1258 328 1335 Prodigus
342 1269 371 1316 et
384 1259 486 1317 stultus
500 1260 588 1317 donat
599 1278 663 1336 quae
676 1262 784 1336 spernit
797 1271 826 1318 et
839 1262 907 1319 odit.
1098 1260 1139 1319 2⁰

187 1337 262 1394 Haec
275 1356 357 1414 seges
371 1338 496 1414 ingratos
508 1338 581 1411 tulit,
595 1350 625 1397 et
638 1339 710 1397 seret
721 1340 855 1398 omnibus
868 1341 960 1398 aunis.

188 1417 241 1474 Vir
257 1418 349 1475 bonus
362 1428 391 1475 et
405 1418 519 1494 sapiens
533 1418 627 1494 dignis
641 1418 682 1476 ait
693 1438 757 1476 me
770 1430 902 1495 paratus3

188 1496 219 1553 N
220 1514 254 1553 ec
267 1508 363 1555 tamen
377 1497 490 1575 ignorat
502 1498 570 1573 quid
585 1498 690 1555 distent
703 1517 760 1555 era
772 1499 886 1574 lupinis.

188 1574 316 1651 Dignum
329 1577 469 1651 praestabo
483 1595 529 1634 me
543 1576 629 1635 etiam
643 1595 695 1653 pro
708 1576 792 1634 laude
806 1577 949 1635 merentis

187 1653 278 1717 Quod
293 1656 316 1713 ei
331 1674 376 1713 me
390 1656 470 1713 noles
484 1674 602 1732 usquam
616 1656 775 1729 discedere,
788 1656 891 1714 reddes

189 1734 274 1792 Forte
288 1734 371 1808 latus,
386 1736 483 1811 nigros
497 1736 618 1811 angusti
632 1735 724 1793 fronte
737 1735 869 1813 capillos;

188 1813 308 1871 Reddes
321 1812 406 1872 dulce
420 1815 513 1890 loqui;
535 1814 637 1871 reddes
650 1813 744 1872 ridere
757 1812 904 1873 decorum

228 1890 315 1950 Forte
328 1912 379 1969 per
393 1904 542 1969 angustam
555 1893 651 1950 tenuis
664 1893 794 1951 nitedula
805 1894 907 1952 rimam

188 1971 331 2048 Repserat
343 1972 374 2029 in
388 1990 533 2029 cumeram
547 1973 700 2043 frumenti3
720 1983 856 2049 pastuque
869 1991 967 2031 rursus

187 2049 235 2108 Ire
250 2051 326 2108 foras
339 2052 424 2127 pleno
438 2052 574 2110 tendebat
586 2071 704 2128 corpore
718 2051 830 2110 fruare.

188 2130 246 2188 Cui
260 2132 381 2188 mustela
394 2131 502 2208 procul,
517 2136 534 2163 “
548 2132 580 2189 Si
593 2132 663 2204 vis,''
679 2132 729 2204 ait,
743 2135 761 2162 “
773 2131 900 2208 effugere
913 2130 1032 2204 isthinc,

189 2208 289 2268 Macra
302 2230 404 2269 carum
416 2222 527 2287 repetes
540 2223 661 2282 arctum,
674 2230 759 2286 quem
773 2229 873 2268 macra
884 2210 1014 2268 subisti.”

188 2288 257 2347 rito
270 2309 323 2367 ego
337 2290 362 2347 si
376 2290 528 2366 compellor
541 2290 677 2366 imagine,
691 2300 798 2347 cuncta
810 2288 943 2365 resigno:

189 2368 255 2427 Nec
268 2388 398 2428 somnum
412 2369 505 2445 plebis
518 2369 612 2441 laudo,
623 2379 702 2425 satur
715 2368 854 2437 altilium3
874 2386 931 2425 nec

187 2448 258 2506 Otia
270 2449 375 2507 divitiis
389 2449 519 2506 Arabum
531 2448 677 2506 liberrima
688 2458 777 2506 muto.

188 2525 273 2604 Saepe
288 2529 480 2587 verecundum
493 2528 633 2597 laudasti3
660 2526 783 2602 Resque
796 2525 937 2603 Paterque
1009 2595 1011 2598 ¹
1135 2523 1139 2529 ’

188 2607 306 2665 Audisti
319 2606 432 2677 ccrdm3
454 2626 510 2665 nec
524 2607 608 2665 verbo
621 2603 737 2683 parcitis
751 2608 871 2665 absens:

189 2684 303 2763 Inspice
317 2689 341 2745 ei
354 2705 469 2764 possum
483 2687 589 2745 donata
601 2705 740 2763 reponere
752 2686 844 2745 latus.

188 2764 276 2823 Haud
290 2764 365 2825 male
380 2766 583 2839 Telemachus,
597 2766 690 2842 proles
703 2766 836 2843 patientis
849 2764 979 2841 Ulyssei:

190 2849 208 2874 “
221 2842 289 2903 Non
302 2860 345 2905 est
359 2856 440 2922 aptus
453 2847 534 2923 equis
547 2845 646 2904 Ithace
660 2846 757 2916 locus;
777 2856 809 2903 ut
822 2864 915 2921 neque
927 2842 1022 2921 planis

187 2922 340 2983 Porrectus
354 2926 461 3003 spatiis,
475 2944 568 3001 neque
582 2927 679 2983 multia
692 2926 827 3002 prodigus
840 2924 956 2983 herbae:

187 3003 300 3078 Atride,
314 3002 406 3082 magis
419 3018 485 3081 apta
497 3005 548 3063 tibi
562 3016 612 3063 tua
625 3006 702 3063 doua
714 3004 901 3080 relinquam.'’

187 3084 311 3144 Parvum
324 3104 410 3162 parva
423 3086 546 3143 decent:
566 3084 637 3141 mihi
648 3084 707 3161 jam
721 3103 780 3141 non
790 3083 870 3159 regia
882 3081 990 3154 Roma,

188 3167 247 3225 Sed
260 3182 383 3222 vacuum
396 3163 489 3220 Tibur
503 3164 605 3241 placet,
620 3174 670 3219 aut
682 3162 796 3219 imbelle
810 3161 980 3219 Tarentum

227 3248 368 3303 Strenuus
382 3254 411 3299 et
425 3242 513 3316 sortis,
528 3242 679 3315 causisque
693 3241 841 3315 Philippus
853 3239 974 3314 agendis

188 3325 301 3396 Clarus,
315 3323 351 3379 ab
363 3322 464 3381 officiis
477 3332 606 3381 octavam
620 3319 734 3376 circiter
748 3319 846 3376 horam

187 3404 266 3461 Dum
279 3402 362 3471 redit,
376 3412 459 3477 atque
473 3402 534 3459 foro
548 3395 670 3456 nimiirm
683 3398 788 3455 distare
802 3396 924 3455 Carinas

186 3483 204 3540 J
207 3503 253 3540 am
266 3482 383 3558 grandis
396 3491 465 3537 natu
478 3479 614 3555 queritur,
628 3477 785 3553 conspexit,
798 3488 831 3534 ut
844 3476 934 3549 aiunt,

187 3563 333 3620 Adrasum
346 3561 490 3635 quendam
504 3557 593 3615 racud
607 3558 729 3614 tonsoris
743 3557 772 3614 in
786 3555 898 3629 umbri,

187 3642 313 3700 Cultello
326 3638 453 3715 proprios
465 3647 635 3713 purgantem
647 3636 750 3693 leniter
764 3654 883 3712 ungues.
1099 3634 1141 3693 ὅθ

189 3726 207 3753 “
221 3720 379 3791 Demetri,’'
397 3716 480 3794 (puer
495 3716 543 3772 hic
556 3734 614 3773 non
627 3715 698 3773 leave
710 3716 791 3791 jussa
805 3714 928 3790 Philippi

188 3798 384 3875 Accipiebat‚)
401 3801 419 3827 ‘⁶
433 3795 479 3852 abi
492 3814 498 3865 ;
520 3813 614 3871 quere
629 3807 660 3852 et
672 3795 757 3865 refer,
772 3794 848 3851 unde
862 3794 958 3866 domo,
967 3791 1043 3870 quis,

187 3880 280 3956 Cujus
294 3877 431 3945 fortunae;
452 3894 508 3951 quo
521 3876 558 3931 sit
570 3885 661 3950 patre,
674 3892 765 3949 quove
779 3874 925 3949 patrono?

188 3957 226 4034 lt,
242 3958 325 4030 redit,
339 3967 368 4015 et
381 3966 491 4013 narrat:
512 3954 661 4011 Volteium
674 3952 791 4013 nomine
802 3950 932 4022 Menam,
