2617 4442
204 354 260 412 118
522 349 554 405 Q.
573 346 720 397 Honavu
736 347 861 398 unaccr

241 494 338 552 Carne
348 505 444 551 tamen
457 492 585 568 quamvis
599 492 685 549 distat
698 492 769 550 nihil
783 492 840 550 hta
853 487 947 567 magis
961 491 1019 567 illa,

243 572 404 649 Imparibus
418 572 515 630 formis
529 572 681 647 deceptum
696 582 724 629 te
737 581 829 647 patet3
850 583 929 629 esto:
1163 572 1204 631 30

245 652 329 709 Unde
343 653 440 709 datum
455 652 553 723 sentis,
568 651 653 726 lupus
668 650 715 707 hic
729 650 896 723 Tiberinus,
911 669 949 708 an
962 650 1019 709 alto

240 731 350 807 Captus
364 732 423 787 hiet
426 741 588 806 ,pontesne
603 730 678 787 inter
689 729 822 819 jactatus,
837 750 874 787 an
889 729 981 787 amnis

240 810 324 867 Ostia
338 811 391 867 sub
406 809 518 868 Tuscil
551 808 698 881 Laudas,'
691 827 801 882 insane,
815 810 954 866 trilibrem

240 888 395 962 ΜιιΙῙιιιιι,Ι
389 907 418 946 ιιι
432 888 546 964 singula
558 905 643 964 quem
658 888 773 945 minuas
786 888 933 979 pulmenta
945 904 1065 946 necesse
1078 896 1132 945 est.

240 964 329 1026 Ducit
342 979 369 1026 te
383 968 502 1044 species,
517 968 607 1025 video.
639 963 712 1029 Quo
726 968 930 1044 pertinetergo
1163 968 1201 1024 35

239 1046 377 1105 Proceros
389 1048 484 1105 odisse
496 1047 598 1123 luposl
631 1046 712 1108 Quia
725 1046 835 1105 scilicet
847 1047 904 1104 illis

240 1124 380 1202 Majorem
394 1138 496 1184 natura
510 1126 626 1184 modum
640 1126 728 1199 dedit,
740 1126 785 1183 his
798 1126 883 1184 breve
895 1125 1016 1203 pondus.

240 1210 259 1235 “
269 1204 434 1262 Porrectum
448 1224 552 1281 magno
565 1224 701 1281 magnum
715 1217 843 1282 spectare
857 1206 952 1263 catino

241 1282 383 1357 Vellem,''
399 1285 438 1341 ait
452 1284 587 1361 Harpyiis
600 1285 669 1360 gula
682 1285 769 1361 digna
783 1286 941 1361 rapacibus.
975 1283 1017 1341 At
1030 1302 1091 1357 vos,

241 1361 402 1421 Praesentes
418 1364 526 1435 Austri,
542 1364 653 1440 coquite
668 1365 768 1422 horum
782 1363 917 1423 obsonia:
936 1363 1064 1440 quamvis
1159 1361 1200 1420 40

243 1440 329 1500 Putet
343 1462 409 1520 aper
423 1444 613 1518 rhombusque
627 1462 738 1516 recens,
752 1443 828 1501 mala
841 1443 924 1520 copia
936 1442 1050 1519 quando

242 1520 364 1597 AEgrum
379 1522 511 1580 sollicitat
524 1524 716 1594 stomachum3
737 1541 825 1598 quum
838 1522 937 1598 rapula
950 1521 1052 1597 plenus

243 1603 340 1676 Atque
354 1603 450 1659 acidas
463 1601 570 1660 mavult
583 1602 685 1660 inulas
720 1602 854 1659 Necdum
868 1602 962 1659 omnis
975 1601 1077 1658 abacta

242 1679 397 1757 Pauperies
411 1682 502 1758 epulis
516 1700 632 1759 regum:
653 1700 722 1738 nam
736 1680 838 1738 vilibus
851 1682 912 1739 ovis

242 1757 397 1837 Nigrisque
413 1772 456 1818 est
468 1760 538 1819 oleis
552 1760 637 1819 hodie
650 1759 739 1817 locus.
775 1760 885 1817 Haud
877 1769 917 1818 vta
929 1759 1040 1836 pridem
1156 1756 1199 1815 45

242 1838 357 1897 Galloni
371 1840 509 1916 praeconis
522 1849 582 1897 erat
595 1839 761 1915 acipensere
775 1858 875 1897 mensa

243 1916 371 1977 Infamis.
403 1919 506 1981 Quidt
526 1928 587 1975 tum
600 1918 734 1975 rhombos
746 1915 843 1978 mimis
857 1938 951 1994 aequor
964 1916 1077 1976 alebatl

243 1994 340 2053 'lutus
353 2008 414 2055 erat
427 1997 562 2055 rhombus
564 2007 704 2073 ,tutoque
717 1997 830 2057 ciconia
843 1998 922 2072 nido,

243 2073 345 2133 Donec
358 2095 407 2133 vos
421 2086 520 2135 auctor
534 2044 633 2135 ddcuit
644 2076 802 2152 praetorius.
835 2076 923 2153 Ergo,

244 2154 276 2211 Si
289 2156 352 2230 quis
366 2174 445 2213 nunc
458 2174 570 2232 mergos
584 2174 686 2213 suaves
698 2155 820 2214 edixerit
832 2176 920 2231 assos,

243 2232 359 2294 Parebit
371 2236 449 2312 pravi
460 2235 564 2293 docilis
577 2234 712 2293 Romana
722 2236 865 2312 juventus.

289 2316 428 2374 Sordidus
442 2314 548 2374 atenui
562 2315 639 2373 victu
652 2315 778 2388 distabit,
791 2314 888 2374 Ofello

244 2398 263 2456 J
265 2398 366 2456 udice:
387 2414 454 2452 nam
469 2392 572 2453 lrustrd
585 2395 685 2453 vitium
699 2394 829 2452 vitaveris
841 2394 923 2468 illud,

245 2479 277 2536 Si
290 2492 320 2536 te
334 2473 389 2533 alib
403 2493 520 2551 pravum
534 2474 693 2532 detorseris.
728 2473 899 2546 Avidienus,

244 2554 301 2615 Gui
315 2554 404 2613 Canis
417 2572 453 2611 ex
466 2571 532 2610 vero
546 2554 664 2610 ductum
678 2571 838 2629 cognomen
852 2553 987 2626 adhaeret,
1155 2551 1197 2610 55

243 2636 454 2709 Quinquennes
467 2630 544 2689 oleas
557 2641 600 2689 est
613 2642 642 2691 et
654 2631 793 2690 silvestria
805 2651 894 2691 corna
901 2652 910 2702 ;

243 2717 301 2787 Ac,
316 2712 371 2771 nisi
384 2719 534 2783 mutatum,
547 2710 639 2787 parcit
652 2710 810 2770 delirndere
823 2711 937 2782 vinum;
956 2720 987 2770 et

244 2794 335 2871 Cujus
348 2791 464 2849 odorem
476 2789 533 2847 olei
546 2809 672 2865 nequeas
681 2790 816 2867 perferre,
829 2790 928 2849 licebit

243 2872 299 2931 Ille
312 2869 430 2947 repotia,
444 2868 562 2941 natales,
577 2870 682 2928 aliosve
696 2870 808 2928 dierum

244 2951 345 3010 Festos
358 2948 468 3007 albatus
482 2948 615 3022 celebret,
629 2968 719 3008 cornu
732 2950 794 3026 ipse
807 2948 901 3007 bilibri

244 3030 383 3089 Caulibus
396 3028 523 3101 instillat,
539 3031 640 3086 veteris
653 3048 712 3087 non
725 3047 828 3105 parcus
841 3028 924 3086 aceti

282 3107 392 3170 Quali'
385 3106 471 3183 igitur
484 3108 560 3165 victu
574 3108 687 3184 sapiens
700 3109 815 3166 uteturl
835 3119 864 3165 et
877 3108 979 3164 horum

244 3188 347 3246 Utrum
361 3185 536 3245 imitabiturl
570 3186 638 3244 Halo
652 3198 734 3263 urget
746 3187 840 3264 lupus,
855 3185 911 3243 haic
924 3185 1014 3257 canis,
1028 3183 1118 3242 aiunt

247 3267 377 3327 Mundus
390 3266 444 3323 erit
446 3266 517 3342 ,qui
530 3286 588 3325 non
602 3266 729 3325 offendat
741 3266 881 3337 sortfibus,
896 3276 980 3340 atque

243 3346 280 3405 ln
294 3357 424 3404 neutram
437 3357 547 3420 partem
558 3345 652 3403 cultus
666 3346 759 3403 miser.
791 3343 851 3402 Hic
864 3362 958 3419 neque
972 3342 1070 3415 servis,
1159 3340 1198 3399 65

244 3424 345 3482 Albuti
360 3425 436 3481 senis
450 3425 589 3499 exemplo,
604 3425 673 3481 dum
687 3425 786 3481 munia
799 3423 880 3495 didit,

245 3504 344 3561 Saevus
358 3503 427 3571 erit;
448 3520 551 3577 neque,
566 3502 640 3560 sicut
653 3503 773 3594 simplex
786 3502 914 3575 Navius,
929 3510 1046 3559 unctam

243 3580 378 3641 Convivis
391 3580 527 3656 praebebit
540 3599 660 3655 aquam:
680 3582 779 3641 vitium
793 3583 849 3640 boc
861 3598 973 3659 quoque
985 3597 1133 3655 magnum.

283 3659 395 3735 Accipe
408 3677 487 3716 nunc
501 3660 592 3717 victus
602 3660 698 3718 tenuis
710 3680 773 3736 quae
786 3672 948 3752 quantaque
961 3677 1062 3717 secum

243 3738 363 3797 Afferat.
397 3737 541 3815 Imprvmrs
553 3737 648 3797 valeas
662 3740 751 3798 bene:
773 3759 851 3811 nam,
864 3740 1008 3799 variates
1160 3734 1199 3792 7⁰

244 3818 284 3876 Ut
298 3828 423 3876 noceant
436 3817 554 3890 homini,
570 3819 680 3891 credas,
695 3837 802 3877 memor
816 3787 892 3877 illius
905 3837 980 3876 escae

242 3896 320 3958 Quae
335 3896 535 3974 simplexlolim
546 3864 601 3954 'tibi
614 3897 728 3955 sederit
762 3900 804 3956 At
817 3897 902 3955 simul
917 3897 987 3956 assis
