2617 4442
541 330 680 381 EPODON
698 330 811 380 LIBER.

341 478 455 537 Inultns
465 488 497 536 ut
507 488 539 535 tu
552 476 648 535 riseris
661 476 787 553 Cotyttia

341 558 476 634 Vulgata,
491 575 604 615 snorum
618 556 700 613 liberi
714 555 889 632 Cupidinisl

340 636 379 698 Et
392 636 533 713 Esquilini
546 635 674 712 pontifex
687 634 808 692 venefici

341 715 465 793 impune
477 728 509 773 ut
522 716 621 774 urbem
635 714 751 775 nomine
765 712 892 791 impleris
905 718 990 776 meol

340 796 423 858 Quid
436 797 567 872 proderat
580 794 686 852 dittsse
699 793 833 869 Pelignus
845 814 928 871 anus,

342 876 512 935 Velociusve
527 873 675 932 miscuisse
688 874 815 931 toxicum
826 875 839 931 l

342 956 402 1013 Sed
415 956 539 1013 tardiora
550 954 606 1011 fata
620 964 648 1011 te
663 953 734 1010 votis
747 960 872 1011 manent.

342 1034 460 1110 ingrata
472 1034 576 1091 misero
589 1034 646 1090 vite
660 1033 793 1090 ducenda
806 1043 859 1104 est,
874 1033 905 1090 in
920 1034 985 1108 hoo,

341 1113 432 1172 Novis
446 1124 477 1172 ut
490 1132 580 1189 usque
594 1122 727 1188 suppetas
740 1112 893 1169 doloribus.

341 1193 430 1269 Optat
442 1194 567 1268 quietem
580 1192 694 1267 Pelopis
708 1191 813 1248 infidus
826 1202 915 1267 pater,

342 1274 438 1348 Egens
453 1272 584 1348 benignae
596 1270 738 1328 Tantalus
751 1290 863 1346 semper
873 1270 969 1347 dapis3

341 1354 431 1428 Optat
444 1352 630 1410 Prometheus
643 1350 785 1425 obligatus
798 1351 872 1409 aliti:

341 1433 430 1510 Optat
443 1450 575 1507 supremo
588 1430 727 1489 oollooare
742 1430 881 1505 Sisyphus

342 1512 378 1571 In
392 1522 488 1570 monte
502 1528 618 1567 saxum:
639 1510 690 1567 sed
704 1520 800 1567 vetant
812 1510 891 1585 leges
904 1508 991 1569 Jovis.

341 1592 430 1651 Voles
444 1588 528 1649 modd
543 1590 609 1647 altis
622 1589 736 1647 desilire
749 1589 884 1661 turribus,

342 1669 432 1730 Modd
447 1690 516 1728 ense
529 1679 630 1745 peetus
643 1667 753 1727 Norioo
766 1668 933 1740 recludere;

341 1747 516 1824 Frustrdque
529 1748 624 1806 vinela
636 1749 744 1823 gutturi
756 1758 856 1806 nectes
868 1759 929 1823 tuo,

341 1826 502 1886 Fastidiosi
516 1827 602 1885 tristis
616 1827 791 1903 aegrimonid.

340 1908 484 1965 Veotabor
498 1907 624 1964 humeris
637 1918 708 1965 tuno
721 1927 776 1984 ego
787 1906 913 1966 inimicis
924 1926 1022 1985 eques,

340 1984 472 2064 Meaeque
485 1998 560 2044 terra
574 1988 659 2045 oedet
671 1986 839 2045 insolentie.

340 2068 398 2139 An,
413 2084 476 2143 quae
489 2082 602 2123 movere
615 2084 714 2124 cereas
728 2067 868 2143 imagines

341 2145 394 2223 (Ut
408 2146 468 2222 ipse
481 2144 557 2203 ndsti
567 2145 727 2225 curiosus),
741 2156 770 2203 et
783 2146 848 2223 polo

340 2224 479 2303 Deripere
492 2225 606 2285 Lunam
620 2226 738 2285 vocibus
750 2226 856 2302 possim
869 2224 951 2299 meis,

339 2304 451 2365 Possim
466 2316 605 2365 crematos
618 2307 743 2364 exoitnre
756 2315 891 2377 mortuos,

340 2384 529 2461 Desiderique
542 2396 701 2463 temperare
714 2384 859 2461 poculum,

339 2464 453 2524 Plorem
468 2465 536 2523 artis
548 2465 579 2549 ip
592 2475 621 2522 te
634 2465 676 2523 nil
690 2464 821 2522 habentis
834 2462 962 2523 exituml
