2617 4442
437 369 643 419 SATlRARUM
661 370 727 419 ΗΒ.
745 371 766 419 Ι.
783 373 808 420 8.

155 512 268 591 Injussi
281 531 429 589 nunquam
443 512 591 571 desistant.
624 514 733 573 Sardus
746 514 869 573 habebat

156 592 214 652 Illc
228 592 372 669 Tigellius
386 593 449 650 hoc.
484 592 590 665 Caesar,
605 594 653 669 qui
668 614 771 671 cogere
784 606 890 671 posset,

156 672 192 730 Si
205 683 315 749 peteret
326 691 376 749 per
390 672 544 730 amicitiam
558 674 645 748 patris
659 684 743 749 atque
757 692 848 747 suam,
859 692 917 733 non

154 752 326 827 Quidquam
340 750 505 827 proficeret:
527 752 550 808 si
565 752 749 826 collibuisset,
765 755 801 809 ab
814 771 867 811 ovo

156 831 256 907 Usque
270 832 306 888 ad
320 831 395 887 mala
409 830 518 902 citaret,
540 835 558 860 “
569 829 603 888 Io
616 832 762 904 Bacche,''
778 830 863 890 modo
878 830 990 889 summa

156 910 252 983 Voce,
266 907 351 967 modd
367 910 421 967 hac
434 920 549 967 resonat
561 929 624 985 quae
638 911 753 969 chordis
766 921 887 985 quatuor
900 912 967 969 ima.

157 988 210 1046 Nil
226 989 331 1065 equale
346 988 454 1047 homini
468 988 521 1045 fuit
533 988 594 1046 illi:
615 988 691 1065 sape
706 990 782 1049 velut
795 990 844 1066 qui

158 1068 302 1126 Currebat
315 1068 428 1144 lugiens
442 1069 568 1138 hostem;
590 1067 718 1144 persepe
733 1070 810 1127 velut
822 1069 871 1144 qui
1079 1069 1117 1129 10

157 1146 179 1204 J
180 1148 283 1205 anonis
296 1166 377 1204 sacra
390 1148 490 1205 ferret:
513 1148 634 1205 habebat
647 1145 723 1224 saepd
737 1150 886 1222 ducentos,

160 1224 244 1303 Saepe
261 1227 361 1284 decom
372 1245 483 1284 servos:
504 1224 589 1285 modd
603 1246 686 1304 reges
700 1238 783 1303 atoue
796 1229 962 1300 tetrarchas,

159 1304 269 1363 Omnia
282 1325 386 1382 magna
399 1306 533 1381 loquens3
555 1304 651 1379 modo,
667 1311 685 1337 ‘⁴
698 1308 742 1364 Sit
755 1308 825 1365 milri
839 1327 939 1365 mensa
952 1306 1050 1385 tripes,
1063 1315 1094 1365 et

161 1385 283 1443 Concha
296 1386 363 1442 salis
376 1386 449 1462 puri,
464 1396 493 1444 et
506 1396 582 1461 toga,
595 1404 659 1460 quae
674 1386 828 1445 defendere
843 1387 943 1462 frigus,

160 1465 303 1527 Quamvis
317 1484 422 1537 crassa,
436 1466 548 1540 queat.''
572 1464 678 1522 Decies
692 1476 817 1523 centena
830 1467 959 1523 dedisses
1080 1466 1117 1525 15

162 1544 242 1603 Huic
254 1564 340 1621 parco
350 1545 450 1621 paucis
464 1555 608 1615 contento,
620 1544 745 1619 quinque
758 1545 861 1603 diebus

161 1622 213 1681 Nil
227 1625 327 1681 eratin
342 1623 460 1681 loculis:
482 1634 581 1680 noctes
594 1623 729 1699 vigilabat
742 1624 778 1680 ad
792 1624 886 1700 ipsum

162 1701 271 1773 Mane3
293 1704 369 1761 diem
382 1714 470 1761 totam
486 1703 637 1760 stertebat:
659 1702 699 1759 nil
713 1702 766 1760 suit
778 1722 905 1779 unquam

162 1783 214 1840 Sic
226 1783 316 1860 impar
331 1782 393 1840 sibi.
428 1782 517 1839 Nunc
531 1782 631 1857 aliquis
646 1782 723 1839 dicat
736 1783 806 1840 mihi
816 1782 944 1845 1-Quid
957 1785 1010 1841 tul

160 1862 287 1920 Nullane
302 1863 390 1920 habes
404 1862 471 1920 vitia
480 1860 626 1919 l-Immo
641 1861 705 1934 alia,
722 1872 751 1919 et
765 1862 881 1920 sortasse
895 1864 1014 1921 minora.
1075 1863 1116 1921 20

202 1942 327 1999 Maenius
341 1942 486 1999 absentem
500 1940 626 1999 Novium
640 1961 728 2016 quum
742 1952 886 2018 carperet3
908 1942 1020 2000 “Heus
1033 1943 1093 2016 tu,''

160 2021 291 2083 Quidam
305 2022 372 2093 ait‚”
395 2022 507 2097 ignoras
521 2023 569 2078 tel
591 2040 628 2077 an
643 2032 675 2077 ut
688 2022 817 2097 ignotum
832 2022 899 2079 dare
913 2021 996 2079 nobis

159 2100 257 2158 Verba
270 2102 391 2175 putasl''
434 2105 451 2131 ‘⁴
464 2100 587 2175 Egomet
599 2099 640 2156 mi
654 2100 800 2175 ignosco,''
816 2099 942 2158 Maenius
955 2102 1055 2176 inquit.

142 2248 145 2253 ¹
162 2180 274 2237 Stultus
288 2191 316 2237 et
330 2180 474 2255 improbus
488 2180 535 2236 hic
550 2198 627 2236 amor
641 2190 695 2250 est,
709 2180 869 2254 dignusque
883 2181 983 2237 notari.

159 2259 262 2321 Quum
276 2270 325 2316 tua
338 2258 485 2335 pervideas
498 2257 589 2315 ooulis
603 2258 678 2314 mala
691 2257 784 2333 lippus
797 2258 933 2332 inunctis,
1075 2258 1116 2317 25

160 2334 222 2395 Cur
235 2338 265 2395 in
279 2338 435 2395 amicorum
450 2338 524 2394 vitiis
537 2347 595 2393 tam
610 2338 705 2392 cernis
718 2334 845 2407 acutiam,

159 2415 261 2479 Quam
275 2427 324 2475 aut
338 2418 441 2491 aquila,
457 2426 506 2473 aut
519 2434 635 2491 serpens
650 2414 842 2491 Epidauriusl
863 2416 904 2473 At
917 2414 969 2473 tibi
982 2413 1083 2473 contrd

160 2495 276 2569 Evenit,
291 2497 436 2572 inquirant
449 2495 518 2552 vitia
531 2505 563 2551 ut
574 2505 623 2551 tua
636 2513 735 2551 rursus
748 2506 777 2551 et
790 2494 881 2552 illi.—

160 2574 329 2634 Iracundior
344 2587 388 2633 est
401 2572 504 2651 paulb:
527 2570 622 2631 minias
636 2584 719 2650 aptus
733 2574 825 2631 acutis

159 2653 289 2712 Naribus
302 2657 403 2717 horum
418 2655 573 2712 hominum.
608 2653 712 2712 Rideri
725 2654 822 2751 possit,
836 2650 872 2712 eb
886 2652 965 2730 qubd
1074 2655 1114 2713 30

159 2732 312 2792 Rusticiris
326 2746 408 2793 tonso
421 2745 487 2810 toga
501 2732 610 2806 defluit,
624 2744 653 2791 et
666 2733 741 2791 male
753 2734 834 2791 laxus

159 2812 197 2870 Iu
210 2814 284 2890 pede
298 2814 411 2871 calceus
426 2814 603 2870 heret-At
617 2825 660 2871 est
675 2814 776 2886 bonus,
790 2824 822 2870 ut
836 2814 934 2871 melior
948 2813 990 2871 vir

159 2892 230 2950 Non
244 2894 316 2950 alius
329 2893 493 2968 quisquam:
515 2903 543 2950 at
556 2894 606 2951 tibi
621 2893 747 2950 amicus:
768 2904 798 2950 at
810 2892 958 2969 ingenium
973 2893 1075 2969 ingens

159 2970 276 3030 Inculto
289 2972 358 3030 latet
371 2973 425 3030 hoc
440 2973 493 3029 sub
507 2990 631 3048 corpore.
667 2972 799 3047 Denique
813 2982 842 3029 te
856 2973 949 3049 ipsum

160 3050 303 3124 Concute,
318 3070 387 3109 num
401 3071 457 3127 qua
470 3052 521 3109 tibi
535 3052 665 3110 vitiorum
681 3052 814 3109 inseverit
826 3051 896 3109 olim
1074 3052 1115 3110 35

159 3130 282 3203 Natura,
297 3130 444 3189 autetiam
458 3132 635 3189 consuetudo
648 3132 738 3188 mala:
759 3150 883 3207 namque

159 3208 312 3285 Neglectis
326 3212 435 3268 urenda
447 3209 508 3267 filix
520 3210 679 3267 innascitur
693 3209 776 3285 agris

201 3287 277 3346 Illuc
291 3301 501 3365 praevertamur‚
516 3299 672 3346 amatorem
685 3285 762 3364 quod
777 3286 877 3344 amicae

160 3366 274 3444 Turpia
287 3369 434 3445 decipiunt
447 3387 558 3426 cacum
572 3368 650 3441 vitia,
665 3366 814 3424 autetiam
828 3366 889 3443 ipsa
902 3366 966 3426 haec

159 3446 315 3506 Delectant
322 3469 330 3519 3
352 3448 438 3506 veluti
452 3447 605 3505 Balbinum
619 3449 740 3523 polypus
754 3446 875 3524 Hagnae.
1073 3446 1115 3506 40

157 3526 272 3585 Vellem
286 3528 316 3585 in
330 3528 457 3585 amicitia
471 3526 513 3583 sic
526 3545 695 3599 erraremus,
709 3537 739 3584 et
752 3526 798 3584 isti

159 3604 258 3664 Errori
272 3626 378 3665 nomen
393 3606 481 3664 virtus
494 3606 633 3681 posuisset
647 3607 808 3665 honestum.

160 3685 212 3758 At,
226 3697 306 3763 pater
319 3696 352 3744 ut
364 3686 454 3763 gnati,
469 3686 512 3742 sic
525 3703 578 3743 nos
592 3685 729 3743 debemus
743 3685 838 3759 amici,

161 3764 194 3821 Si
209 3767 284 3840 quod
299 3766 336 3824 sit
350 3767 460 3838 vitium,
474 3783 532 3822 nou
548 3765 682 3823 fastidire.
717 3766 889 3825 Strabonem

161 3843 295 3921 Appellat
308 3856 414 3923 paetum
427 3855 526 3921 pater;
547 3855 576 3902 et
588 3845 709 3921 pullum,
724 3842 799 3903 malti
813 3862 916 3922 parvus
1073 3843 1115 3903 45

159 3922 194 3981 Si
208 3925 257 3984 cui
269 3924 346 3983 silius
358 3937 411 4000 est,
425 3935 457 3983 ut
470 3925 614 3983 abortivus
628 3924 681 3982 fuit
693 3924 761 3983 olim
