2617 4442
143 377 201 439 170
463 372 494 429 Q·
513 368 661 419 HORATII
676 368 802 419 nnncct

181 516 248 577 Nec
260 513 352 594 magis
362 514 488 592 expressi
502 514 595 573 vultus
607 533 659 591 per
670 517 763 572 aenea
775 514 858 590 signa

181 595 281 661 Quam
295 615 345 673 per
359 596 429 653 vatis
442 613 514 671 opus
524 613 617 652 mores
631 594 776 669 animique
786 594 909 651 virorum

183 676 332 735 Clarorum
348 685 492 752 apparent.
533 672 564 729 N
566 691 600 729 ec
614 691 761 731 sermones
771 692 826 749 ego
840 673 956 729 mallem
1077 673 1138 731 250

182 756 332 831 Repentes
344 774 395 830 per
409 755 539 825 humum,
553 750 639 828 quim
653 770 700 809 res
713 770 884 829 componere
896 762 1003 828 gestas,

183 834 395 908 Terrarumque
409 833 480 890 situs
493 843 522 889 et
535 830 654 888 flumina
667 831 773 903 dicere,
787 843 817 890 et
829 850 911 888 arces

183 912 332 973 Montibus
346 912 501 989 impositas,
515 921 544 969 et
558 910 678 968 barbara
690 929 789 987 regna,
803 911 916 986 tuisque

184 992 331 1069 Auspiciis
344 1002 435 1049 totum
448 991 580 1049 confecta
593 989 689 1047 duella
701 1009 752 1066 per
764 990 873 1061 orbem,

184 1072 371 1147 Claustraque
385 1071 532 1128 custodem
546 1069 626 1144 pacis
640 1069 805 1127 cohibentia
818 1069 836 1125 J
838 1088 936 1143 anum,
1075 1071 1136 1127 255
1288 1105 1289 1164 p

183 1151 223 1209 Et
236 1150 414 1209 formidatam
429 1148 541 1207 Parthis
554 1158 582 1205 te
595 1149 725 1225 principe
739 1148 880 1218 Romam;

184 1231 226 1303 Si,
240 1239 378 1306 quantum
392 1247 537 1305 cuperem,
550 1247 663 1303 possem
677 1246 804 1303 quoque:
826 1229 877 1284 sed
891 1247 984 1302 neque
997 1247 1116 1303 parvum

184 1308 309 1367 Carmen
322 1308 454 1385 majestas
468 1308 568 1383 recipit
581 1316 639 1378 tua,
653 1326 710 1364 nec
723 1327 804 1364 meus
817 1308 905 1365 audet

183 1389 260 1448 Rem
274 1399 383 1447 tentare
397 1388 496 1464 pudor,
510 1405 594 1462 quam
608 1386 681 1443 vires
695 1386 767 1443 ferre
780 1397 922 1444 recusent.

184 1469 329 1527 Sedulitas
342 1479 447 1540 autern,
462 1465 546 1524 stulte
561 1485 645 1541 quem
660 1466 761 1541 diligit,
775 1476 869 1543 urget,
1074 1467 1136 1523 200

184 1546 333 1625 Praecipud
347 1566 435 1623 quum
449 1566 479 1604 se
492 1546 620 1603 numeris
633 1547 816 1603 commendat
828 1557 858 1603 et
871 1557 931 1602 arte
942 1566 949 1603 ε

183 1627 278 1686 Discit
290 1628 368 1686 enim
382 1623 467 1685 citius
481 1624 666 1700 meminitque
679 1623 814 1682 libentius
827 1622 898 1682 illud

182 1706 272 1769 Quod
284 1706 348 1783 quir
362 1706 481 1776 deridet,
495 1703 582 1779 qudm
595 1704 671 1779 quod
684 1704 826 1779 probaret
841 1714 997 1761 veneratur.

183 1785 236 1843 Nil
250 1805 343 1843 moror
356 1784 480 1842 officium
495 1783 570 1858 quod
584 1802 631 1839 me
644 1793 759 1858 gravat:
780 1802 815 1841 ao
828 1802 922 1859 neque
935 1783 1002 1841 ficto

183 1863 220 1922 In
233 1864 314 1940 pejus
327 1864 404 1920 vultu
417 1862 535 1939 proponi
549 1881 648 1919 cereus
664 1880 791 1937 usquam,
1075 1863 1135 1921 265

184 1942 249 2000 Nec
263 1940 348 2019 prave
364 1942 445 1999 factis
459 1941 587 1998 decorari
598 1942 726 1999 versibus
739 1953 824 2017 opt03

183 2021 214 2079 N
215 2041 231 2079 e
245 2022 361 2078 rubeam
374 2020 474 2097 pingui
488 2019 609 2078 donatus
622 2040 752 2093 munere,
766 2033 795 2079 et
808 2021 867 2078 mni

184 2101 260 2158 Cum
274 2100 410 2177 scriptore
424 2118 498 2171 meo,
512 2100 598 2176 capsi
612 2111 760 2175 porrectus
774 2100 883 2177 aperti,

184 2180 304 2239 Deferat
317 2179 455 2239 iunicum
470 2180 641 2237 vendentem
655 2181 722 2237 thus
734 2191 764 2238 et
776 2181 887 2252 odores,

184 2256 223 2319 Et
234 2259 325 2338 piper,
338 2270 368 2319 et
380 2258 517 2336 quidquid
531 2259 637 2317 chartis
648 2260 780 2319 amicitur
794 2260 906 2337 ineptis.
1075 2261 1136 2318 270

513 2576 718 2637 EPISTOLA
731 2576 773 2636 ΙΙ.

391 2752 394 2759 .
474 2714 515 2753 ΔΙ)
534 2716 644 2756 sunum
665 2717 793 2758 nonunt.

187 2816 301 2889 Pnonn,
315 2816 391 2875 bono
404 2816 536 2894 claroque
550 2817 642 2875 fidolis
655 2818 748 2875 umice
763 2817 883 2892 Neroni,

187 2897 219 2954 Si
232 2896 295 2971 quis
310 2894 380 2955 sorte
391 2895 458 2954 velit
470 2915 590 2972 puerum
603 2897 655 2955 tibi
670 2898 802 2970 vendere,
817 2909 917 2955 natum

184 2974 296 3033 Tibure
309 2974 352 3032 vel
366 2974 475 3047 Gabiis,
486 2987 515 3033 et
529 2987 623 3033 tecum
638 2976 680 3033 sic
694 2988 776 3053 agat:
797 2981 816 3007 “
826 2977 895 3050 Hic,
909 2988 939 3035 et

185 3054 334 3112 Candidus
347 3054 460 3113 ettalus
474 3074 491 3113 a
504 3056 609 3112 vertice
622 3055 743 3131 pulcher
757 3057 793 3113 ad
807 3057 889 3129 imos,

184 3132 250 3192 Fiet
263 3134 370 3211 eritque
383 3145 449 3191 tuus
462 3153 644 3194 nummorum
658 3136 783 3192 millibus
794 3146 870 3208 octo,

184 3213 283 3272 Verna
297 3214 461 3273 ministeriis
476 3215 512 3273 ad
526 3225 612 3273 nutus
626 3226 708 3291 aptus
722 3215 835 3287 herileS,

184 3292 330 3352 Litterulis
340 3294 449 3353 Graecis
463 3295 598 3366 imbutus,
609 3294 730 3351 idoneus
743 3295 797 3351 arti

184 3371 326 3441 Cuilibet;
348 3373 446 3448 argillis
459 3373 570 3448 quidvis
584 3374 740 3431 imitaberis
753 3373 827 3431 udis:

183 3450 266 3511 Quin
280 3451 366 3508 etiarn
379 3462 464 3509 canet
476 3451 634 3525 indoctum,
649 3453 699 3510 sed
710 3450 807 3524 dulce,
822 3452 941 3514 bibenti.

185 3526 278 3586 Multa
291 3528 377 3586 fidem
388 3529 525 3604 promissa
539 3530 642 3603 levant,
657 3530 706 3587 ubi
720 3530 833 3607 plenius
847 3550 927 3607 aequo
1100 3535 1135 3589 10

185 3605 297 3665 Laudat
310 3607 433 3679 venales,
448 3608 496 3682 qui
510 3609 568 3664 vult
581 3609 741 3683 extrudere,
756 3630 874 3668 merces.

184 3685 248 3742 Res
261 3695 343 3762 urget
356 3705 402 3743 me
416 3685 503 3758 nulla,
517 3705 582 3743 meo
595 3706 659 3745 sum
673 3709 780 3766 pauper
794 3690 824 3747 in
839 3709 912 3747 aere:

184 3762 279 3823 Nemo
293 3765 347 3823 hoo
361 3784 535 3841 mangonum
549 3765 656 3823 feceret
669 3768 739 3825 tibi:
761 3788 819 3827 non
833 3766 942 3827 temere
957 3788 974 3826 o
987 3786 1035 3826 mc

184 3843 289 3904 Quivis
302 3844 387 3901 ferret
400 3844 493 3901 idern:
514 3844 602 3901 semel
615 3846 664 3902 hic
678 3848 808 3920 cessavit,
822 3859 861 3920 et,
876 3859 908 3906 ut
920 3848 962 3921 lit,

185 3917 221 3976 In
234 3920 318 3980 scalis
330 3921 412 3981 latuit
425 3932 555 3980 metuens
568 3924 719 3998 pendentis
732 3925 860 3984 habcnae.
1100 3928 1134 3985 15
