2617 4442
158 408 215 467 138
482 404 513 461 Q.
531 400 679 453 Honesti
695 400 820 452 runem

195 549 332 609 Mundior
345 550 437 607 exiret
449 546 496 606 vix
509 546 659 607 libertinus
671 543 801 604 honeste.

195 630 262 689 Jam
277 628 406 688 moechns
419 628 533 701 Rome,
545 628 605 705 jam
619 626 716 685 mallet
730 626 828 684 doctor
839 624 964 684 Athenis

196 708 310 784 Vivere,
325 708 502 780 Vertumnis,
517 717 654 784 quotquot
668 716 745 777 sunt,
760 718 844 762 natus
858 704 963 780 iniquis

197 790 304 846 Scurra
317 787 499 861 Volanerius,
512 796 661 863 postquam
675 785 716 842 illi
727 784 804 861 justu
818 784 951 861 chiragra

197 868 336 926 Contudit
350 868 494 941 articulos,
508 867 556 942 qui
566 885 617 943 pro
631 884 662 923 se
676 864 787 922 tolleret
800 874 884 938 atque
906 895 909 901 ,

196 945 324 1005 Mitteret
337 947 367 1006 in
380 947 510 1025 phimum
524 946 605 1019 talos,
620 944 754 1002 mercede
768 943 873 1001 dinrud

195 1026 379 1085 Conductum
390 1026 483 1103 pavit:
504 1023 611 1101 quanto
626 1023 801 1084 constantior
815 1023 893 1080 idem

195 1104 232 1164 In
246 1106 330 1179 vitiis,
345 1102 425 1164 tantti
439 1102 530 1163 levitis
544 1104 639 1175 miser,
654 1122 690 1160 ao
702 1102 777 1178 prior
791 1102 840 1160 illo

193 1186 256 1248 Qui
267 1186 326 1263 jam
340 1194 485 1258 contento,
497 1184 557 1261 jam
571 1183 645 1256 laxo,
661 1182 730 1240 fune
742 1182 860 1241 laborat.

577 1334 724 1369 EORA'HUS.

195 1425 263 1562 §on
276 1425 356 1563 Ιεέἰθοετε
368 1424 454 1485 hodie
468 1440 602 1501 quorsum
615 1423 679 1481 hec
692 1432 752 1481 tam
765 1421 865 1499 putida
877 1421 1007 1496 tendant,

223 1524 284 1563 uror
313 1525 326 1564 r

603 1632 700 1667 DAVUS.

393 1720 442 1778 Ad
456 1730 494 1794 te,
508 1719 633 1797 inquam.

575 1891 722 1926 nonanus.

629 1977 701 2040 Quo
712 1989 807 2055 pacto,
820 1979 963 2057 pessimel

601 2128 698 2163 DAVUS.

1030 2219 1149 2282 Laudas

193 2297 350 2357 Fortunam
365 2306 394 2356 et
407 2316 499 2356 mores
510 2296 631 2374 antiquae
644 2296 753 2375 plebis;
774 2308 803 2357 et
816 2298 903 2373 idern,

194 2378 304 2455 Siquis
319 2379 355 2437 ad
369 2378 418 2436 illa
431 2379 502 2436 deus
515 2374 610 2437 subito
624 2389 653 2436 te
667 2388 742 2455 agat,
756 2397 846 2454 usque
856 2398 987 2452 recuses3

193 2460 256 2517 Aut
268 2459 336 2535 quia
349 2477 407 2516 non
422 2458 519 2531 sentis,
533 2460 608 2533 quod
622 2458 740 2531 clamas,
754 2458 860 2516 rectius
874 2478 948 2533 esse,
1106 2462 1148 2520 25

193 2539 255 2596 Aut
268 2539 405 2613 quianon
419 2538 517 2594 limum
531 2548 641 2595 rectum
655 2537 795 2609 defendis,
809 2548 838 2595 et
852 2538 952 2613 haeres,

193 2615 394 2693 Nequidquam
409 2635 491 2673 coeno
504 2615 624 2691 cupiens
637 2616 758 2673 evellere
770 2615 905 2692 plantam.

193 2695 296 2753 Rornae
310 2714 359 2752 rus
372 2705 468 2769 optas;
490 2694 636 2753 absentem
650 2695 774 2753 rusticus
788 2696 887 2753 urbem

192 2774 285 2831 Tollis
299 2774 334 2831 ad
349 2784 424 2830 astra
437 2772 516 2831 levis.
559 2774 590 2831 Si
604 2793 745 2850 nusquam
758 2794 790 2832 es
805 2772 877 2833 forte
892 2786 1008 2835 vocatus

193 2853 241 2910 Ad
256 2870 378 2925 coeuam,
392 2851 493 2910 laudas
507 2872 639 2911 securum
653 2855 731 2913 olus:
752 2874 797 2928 ac,
813 2856 890 2913 velut
903 2874 1024 2933 usquam
1104 2856 1145 2915 3⁰

191 2933 314 3005 Vinctus
328 2950 387 3004 eas,
402 2932 482 2989 itate
497 2932 609 2991 felicem
622 2933 705 3007 dicis,
720 2953 864 3011 amesque,

190 3008 280 3073 Quod
295 3030 434 3087 nusquam
446 3012 497 3070 tibi
511 3012 547 3069 sit
559 3014 724 3088 potandum.
766 3013 890 3073 Jussorit
903 3016 940 3073 ad
953 3033 985 3073 se

190 3090 337 3150 Maeoenas
351 3110 446 3149 serum
460 3092 514 3149 snb
527 3091 635 3151 lumina
647 3092 741 3169 prima
753 3094 850 3151 venire

190 3171 363 3242 Convivam;
386 3170 537 3230 “Nemon’
552 3173 646 3231 oleum
664 3173 734 3231 feret
747 3171 849 3231 ocidsl
869 3173 968 3250 ecquis

189 3251 282 3309 Audit
288 3253 318 3309 l''
334 3270 400 3309 curn
414 3270 520 3329 magno
533 3252 654 3311 blateras
668 3252 800 3326 clamore,
816 3253 950 3329 furisque.
1103 3254 1144 3312 35

190 3329 307 3389 Milvius
320 3342 349 3390 et
362 3350 478 3405 scurrae,
492 3333 543 3392 tibi
557 3352 614 3390 non
628 3333 778 3391 referenda
791 3334 910 3409 precati,

188 3409 357 3468 Discedunt.
398 3410 515 3469 Etenim
530 3412 617 3469 fateor
630 3431 687 3484 me,
702 3412 805 3469 dixerit
818 3413 875 3485 ille,

188 3488 264 3546 Duci
278 3500 376 3547 ventre
390 3487 498 3558 levem;
520 3509 620 3548 nasum
635 3490 735 3548 nidore
750 3491 883 3567 supinor;

187 3566 362 3640 Imbecillus,
376 3567 463 3640 iners,
478 3568 583 3642 siquid
597 3570 648 3641 vis,
664 3572 747 3643 adde,
761 3570 874 3646 popino.

187 3647 246 3719 Tu,
260 3666 347 3722 quum
359 3646 397 3704 sis
410 3648 486 3723 quod
501 3666 564 3723 ego,
577 3659 607 3705 et
621 3648 746 3707 fortassis
759 3649 889 3725 nequior,
902 3648 977 3707 ultro
1100 3654 1141 3711 40

187 3726 342 3799 Insectere,
357 3725 433 3783 velut
446 3726 566 3784 meliorl
586 3727 735 3803 verbisque
749 3730 862 3787 decoris

186 3806 329 3862 Obvolvas
342 3806 441 3863 vitium
453 3807 462 3863 l
502 3806 593 3877 Quid,
607 3806 630 3863 si
645 3826 692 3863 me
705 3809 816 3865 stultior
830 3809 902 3883 ipso,

186 3883 363 3959 Quingentis
377 3894 472 3959 empto
485 3885 637 3956 drachmis,
653 3884 861 3960 deprenderisl
902 3884 995 3943 Aufert

187 3960 236 4018 llle
251 3962 328 4019 vultu
342 3974 447 4021 terrere
459 3983 466 4034 ;
489 3982 604 4021 manum
619 3966 854 4041 stomachumque
868 3974 976 4039 teneto,
