2617 4442
166 354 221 415 1⁰⁰
488 352 520 410 o.
538 350 684 403 noman
702 351 827 403 nnsccr

203 494 269 555 Hoo
280 494 367 573 juvat,
381 495 457 553 haud
471 495 541 553 illud
555 506 724 571 querentes,
738 513 808 553 num
822 494 884 553 sine
898 513 995 570 sensu,

201 575 346 652 Tempore
359 594 428 633 nuru
443 574 548 633 faciant
561 574 822 633 alieno—Ledere
836 575 955 649 gaudes,

203 651 302 729 Inquis
315 674 322 712 :
343 665 372 711 et
385 655 440 711 hoo
453 654 547 711 studio
560 672 664 730 pravus
677 651 881 725 fanis-Unde
893 655 1015 728 petitum

203 732 269 791 Hoc
283 733 313 791 in
327 752 372 790 me
384 732 478 808 jacisl
500 742 543 790 est
554 743 653 789 auctor
666 732 730 806 quis
743 731 866 805 denique
880 751 980 790 eorum

201 811 269 869 Vixi
282 830 349 868 cum
362 811 484 886 quibusl
520 812 677 869 Absentem
690 810 738 886 qui
752 810 826 868 rodit
839 810 965 870 amioum
973 831 982 882 ;
1111 811 1154 870 80

200 889 262 951 Qui
276 909 334 949 non
348 889 485 961 defendit,
499 890 555 948 alio
568 889 720 967 culpante,
742 888 848 947 solutos

200 968 263 1030 Qui
277 978 372 1045 naptat
385 969 459 1026 risus
473 968 631 1040 hominum,
641 968 805 1042 ¹famamque
819 966 928 1025 dicacis
936 988 945 1039 ;

201 1047 326 1123 Fingere
340 1047 461 1122 quinon
475 1046 535 1105 visa
547 1058 658 1123 potest;
679 1046 832 1105 commissa
844 1058 940 1105 tacere

200 1126 263 1188 Qui
277 1127 391 1201 nequit:
412 1127 460 1185 hio
472 1126 553 1201 niger
567 1137 624 1196 est;
645 1127 724 1183 huno
737 1136 779 1197 tu,
793 1125 937 1199 Romane,
951 1136 1057 1185 caveto.

202 1203 285 1281 Saept
300 1205 390 1262 tribus
403 1204 484 1263 lectis
497 1205 594 1262 videas
607 1223 721 1263 ooenare
734 1215 904 1279 quaternos3
1110 1206 1153 1265 85

202 1283 227 1340 Ε
241 1284 344 1359 quibus
358 1302 432 1341 unus
446 1294 509 1342 avet
518 1284 617 1359 quivis
630 1302 780 1359 aspergere
795 1295 926 1356 cunctos,

200 1362 307 1421 Praeter
320 1381 387 1421 eum
400 1362 448 1438 qui
460 1363 567 1438 prabet
578 1382 695 1438 aquam;
716 1358 790 1437 post,
801 1364 999 1439 huncquoque
1011 1373 1105 1440 potus,

201 1442 327 1500 Condita
338 1460 425 1517 quum
439 1459 523 1499 verax
536 1442 625 1518 aperit
637 1441 793 1516 precordia
805 1440 906 1501 Liber:

201 1518 261 1578 Hie
275 1521 326 1580 tibi
340 1519 429 1578 oomis
442 1532 472 1578 et
485 1521 610 1579 urbanus
624 1520 751 1595 liberque
763 1520 875 1577 videtur

201 1598 310 1659 Infesto
324 1598 421 1676 nigris.
455 1599 530 1677 Ego,
544 1600 568 1657 si
582 1600 630 1658 risi
644 1596 721 1675 quod
734 1599 848 1675 ineptus
1110 1600 1153 1657 90

201 1678 331 1737 Pastillos
345 1679 471 1737 Rufillus
484 1679 550 1751 olet,
564 1678 727 1755 Gorgonius
740 1678 862 1749 hircum,

201 1756 320 1815 Lividus
330 1768 359 1815 et
372 1760 488 1816 mordax
501 1758 597 1816 videor
611 1758 671 1815 tibi.
705 1756 817 1816 Montio
829 1757 853 1815 si
866 1776 923 1833 qua

105 1889 108 1897 ,
202 1834 247 1893 De
261 1835 415 1911 Capitolini
429 1836 509 1895 lintis
522 1836 628 1911 injecta
641 1835 737 1893 Petilli

202 1914 249 1972 Te
263 1932 359 1972 eoram
373 1914 466 1987 fuerit,
483 1914 630 1987 defendas,
642 1925 674 1972 ut
686 1925 753 1972 tuus
766 1926 809 1972 est
822 1934 884 1973 mos
893 1934 927 1972 :-

202 1991 253 2051 Me
266 1992 446 2069 Capitolinus
459 1993 620 2052 convictore
634 2012 704 2051 usus
717 1993 866 2069 amicoque
1110 1994 1153 2053 95

201 2073 231 2130 A
244 2091 332 2148 puero
345 2082 398 2144 est,
412 2073 555 2148 nausiaque
569 2072 634 2131 merl
647 2073 787 2149 permulta
800 2083 915 2149 rogatus

202 2151 301 2222 neoto
323 2161 353 2208 et
365 2150 515 2209 ineolumis
528 2151 607 2210 laetor
619 2149 697 2227 qudd
710 2152 779 2209 vivit
791 2152 821 2209 in
835 2152 924 2209 urbe:

204 2231 263 2287 Sed
276 2240 372 2288 tamen
386 2230 509 2290 admiror
521 2249 578 2306 quo
590 2242 675 2308 puoto
685 2231 826 2308 judicium
841 2231 910 2288 illud

202 2308 430 2385 Fugerit—Hie
444 2311 533 2388 nigrae
546 2329 650 2369 suoeus
663 2311 805 2387 loliginis3
826 2311 889 2369 haeo
902 2319 947 2367 est

203 2387 314 2466 AErugo
327 2408 423 2460 mera;
444 2391 519 2465 quod
534 2388 634 2448 vitium
647 2391 745 2467 prooul
760 2390 856 2447 absore
870 2388 986 2462 chartis,
1094 2390 1152 2448 100

202 2468 298 2543 Atque
313 2469 409 2527 animo
422 2466 510 2544 priris,
525 2479 566 2540 ut,
580 2468 604 2527 si
618 2469 687 2545 quid
700 2468 863 2545 promittere
876 2468 913 2526 de
927 2487 974 2525 me

202 2545 322 2603 Possum
336 2547 424 2620 aliud,
438 2544 503 2605 vere
518 2546 658 2622 promitto.
692 2546 824 2605 Liberius
837 2547 861 2604 si

202 2622 309 2684 Dixero
321 2626 399 2701 quid,
413 2626 437 2681 si
451 2622 522 2682 sorte
534 2625 669 2701 jonosius,
680 2627 735 2684 hoo
749 2626 818 2683 mihi
830 2626 902 2702 juris
993 2623 998 2627 ”

202 2703 277 2760 Cum
291 2704 375 2761 veniri
389 2703 484 2760 dabis:
506 2704 627 2761 insuevit
640 2715 719 2779 pater
731 2706 855 2781 optimus
869 2705 924 2763 hoe
934 2723 991 2779 me,

201 2780 240 2839 Ut
254 2782 391 2859 fugerem,
405 2782 541 2858 exemplis
554 2784 685 2841 vitiorum
698 2802 816 2858 quaeque
830 2784 962 2842 notando.
1093 2784 1151 2842 105

201 2860 303 2922 Quum
317 2879 363 2918 me
378 2861 544 2934 hortaretur,
557 2859 655 2937 pared,
671 2861 826 2937 frugaliter,
839 2873 924 2938 atque

202 2938 336 2997 Viverem
350 2936 391 2997 uti
406 2951 558 2998 contentus
571 2941 693 3015 eoquod
708 2940 748 2997 mi
762 2942 822 3016 ipse
836 2942 979 3017 parasset:

202 3022 221 3049 “
236 3016 343 3075 Nonne
357 3019 445 3091 vides,
460 3018 529 3075 Albi
544 3029 576 3076 ut
589 3016 664 3079 male
676 3020 751 3077 vivat
764 3020 858 3078 liliusl
879 3031 965 3095 utque

201 3095 306 3155 Barrus
319 3098 420 3174 inopsl
440 3116 579 3173 magnum
591 3099 804 3171 documentum,
820 3118 856 3155 ne
869 3099 989 3175 patriam
1002 3118 1064 3158 rem

201 3176 325 3235 Perdere
338 3178 401 3252 quis
414 3178 507 3235 velit.”
551 3178 581 3237 A
594 3178 669 3253 turpi
683 3177 841 3235 meretricis
853 3197 950 3235 amore
1093 3179 1151 3236 110

200 3254 302 3316 Quum
316 3256 478 3329 deterreret,
493 3260 511 3287 “
522 3256 638 3314 Sectani
653 3255 797 3313 dissimilis
810 3257 876 3313 sis.'’

201 3332 248 3391 Ne
262 3354 393 3410 sequerer
407 3337 543 3408 moeehas,
557 3335 696 3393 concessa
709 3353 797 3411 quum
810 3335 925 3393 Venere
938 3335 981 3393 uti

200 3412 329 3486 Possem,
349 3418 368 3444 “
377 3413 518 3491 Deprensi
532 3432 590 3472 non
604 3414 679 3471 bella
691 3425 735 3471 est
749 3413 824 3471 sama
836 3411 993 3486 Treboni,''

200 3490 315 3548 Aiebat.
356 3494 375 3521 “
388 3491 518 3567 Sapiens,
532 3492 620 3549 vitatu
633 3494 758 3567 quidque
771 3493 860 3568 petitu

201 3569 247 3626 Sit
259 3569 369 3643 melius,
384 3588 484 3626 causas
497 3569 597 3627 reddet
610 3570 679 3628 tibi:
699 3568 739 3629 mi
754 3569 822 3629 satis
836 3581 888 3643 est,
902 3570 927 3629 si
1092 3571 1149 3630 115

200 3647 356 3705 Traditum
371 3648 407 3705 ab
420 3648 542 3722 antiquis
555 3666 665 3706 morem
679 3668 800 3722 servare,
813 3661 958 3725 tuamque,

205 3725 281 3783 Dum
295 3726 421 3784 ousmdis
434 3745 512 3801 eges,
527 3726 612 3785 vitam
627 3728 785 3804 famamque
799 3729 873 3786 tueri

203 3802 380 3864 Innolumem
396 3824 526 3877 possum:
548 3806 632 3864 simul
646 3826 681 3865 ae
692 3807 837 3865 duraverit
847 3818 915 3864 aetas

200 3881 338 3942 Membra
346 3881 537 3961 animumque
544 3895 635 3951 tuum.
649 3886 730 3943 nabis
746 3886 809 3943 sine
823 3886 957 3946 comesfl
978 3931 982 3937 .
999 3885 1051 3945 Sio
1063 3904 1112 3945 me
