2617 4442
507 338 538 395 Q.
555 337 703 388 HORATII
718 337 844 389 rtacc1

260 478 324 539 Nos
336 491 433 540 manet
446 481 583 541 Oceanus
597 481 707 539 circum
721 500 810 557 vagus
823 501 909 542 arva:
930 481 1014 543 beata

300 560 434 619 Petamus
447 580 522 634 arva,
537 561 638 619 divites
651 571 682 619 et
695 560 812 634 insulas,

260 637 371 698 Reddit
383 641 434 698 ubi
448 640 583 698 Cererem
597 639 681 697 tellus
695 640 805 697 inarata
816 641 979 716 quotannis,

299 718 338 776 Et
350 719 487 795 imputata
501 717 581 775 floret
593 736 684 793 usque
696 718 789 791 vinea,

259 797 409 856 Germinat
421 809 450 856 et
463 816 608 873 nunquam
623 797 747 855 fallentis
761 808 865 855 termes
878 798 969 873 olive,

299 874 443 954 suamque
457 877 535 953 pulla
548 877 619 935 ficus
631 888 714 935 ornat
728 878 867 949 arborem,

259 952 348 1013 Mella
362 957 432 1014 aava
446 966 563 1014 manant
576 976 613 1014 ex
626 956 703 1027 ilice,
717 955 862 1013 montibus
876 957 940 1015 altis

298 1033 384 1092 Levis
397 1045 531 1112 crepante
544 1035 660 1111 lympha
673 1035 768 1093 desilit
779 1036 862 1111 pede.

258 1111 323 1171 Illic
336 1113 451 1191 injussa
464 1115 583 1173 veniunt
596 1115 632 1171 ad
645 1114 768 1172 mulctra
780 1115 907 1191 capellae,

298 1192 455 1270 Refertque
469 1204 549 1252 tenta
561 1213 631 1271 grex
644 1194 753 1251 amicus
767 1194 871 1264 ubera3

258 1271 324 1330 Nec
337 1274 514 1351 vespertinus
527 1272 726 1350 circumgemit
739 1292 822 1330 ursus
835 1273 918 1347 ovile,

297 1350 363 1409 Nec
377 1353 543 1411 intumescit
556 1353 613 1410 alta
626 1352 729 1429 viperis
743 1353 863 1423 humus;

257 1429 347 1489 Nulla
360 1443 465 1490 nocent
477 1432 574 1508 pecori
588 1431 730 1506 contagia,
744 1431 851 1489 nullius
865 1431 933 1489 astri

296 1508 424 1589 Gregem
439 1523 560 1569 astuosa
573 1520 660 1569 torret
673 1511 846 1586 impotentia.

257 1592 398 1667 Pluraque
412 1590 509 1649 felices
523 1590 705 1660 mirabimur;
727 1599 759 1647 ut
772 1609 865 1665 neque
875 1590 962 1668 largis

296 1674 429 1749 Aquosus
444 1670 538 1727 Eurus
552 1689 617 1726 arva
630 1670 712 1727 radat
725 1669 871 1743 imbribus,

256 1749 379 1827 Pinguia
391 1768 447 1806 nec
460 1749 545 1805 siccis
558 1758 677 1805 urantur
691 1748 801 1805 semina
813 1748 914 1824 glebis,

295 1830 453 1903 Utrumque
466 1845 534 1903 rege
548 1837 725 1902 temperante
739 1828 875 1886 coelitum.

255 1908 324 1967 Non
339 1909 396 1965 huc
410 1908 508 1982 Argoo
521 1907 669 1964 contendit
682 1906 789 1981 remige
803 1907 898 1983 pinus,

295 1987 398 2063 Neque
409 1986 553 2061 impudica
566 1985 684 2042 Colchis
697 1985 793 2042 intulit
804 1987 924 2062 pedem;

256 2065 326 2125 Non
340 2067 397 2123 huc
411 2065 523 2122 Sidonii
537 2075 680 2122 torserunt
693 2082 802 2122 cornua
814 2077 920 2139 nautae,

294 2145 448 2203 Laboriosa
461 2162 517 2202 nec
530 2145 632 2202 cohors
644 2143 773 2219 Ulyssei:

254 2224 365 2302 Jupiter
379 2225 428 2282 illa
440 2224 494 2301 piae
508 2223 628 2281 secrevit
641 2224 735 2281 littora
747 2223 837 2300 genti,

294 2304 333 2363 Ut
346 2304 504 2380 inquinavit
517 2322 573 2361 ere
586 2314 698 2379 tempus
711 2322 847 2373 aureum3

254 2384 335 2456 AEre,
349 2384 455 2442 dehinc
470 2384 543 2441 ferro
556 2383 667 2439 duravit
681 2382 795 2454 saecula,
809 2400 930 2457 quorum

294 2462 354 2521 Piis
367 2463 504 2535 secunda,
519 2472 582 2519 vate
596 2481 652 2535 me,
667 2462 750 2519 datur
764 2460 839 2538 fuga.

580 2817 666 2878 ODE
685 2818 760 2877 XII.

562 2957 602 2997 Ao
616 2957 777 2999 chalmana.

596 3088 741 3121 HORA'l'lUS.

331 3173 396 3233 Jmu
407 3174 466 3251 jam
477 3174 587 3233 efficaci
601 3176 638 3234 do
651 3194 755 3233 manus
768 3174 913 3244 scientiae3

333 3256 459 3332 Supplex
473 3266 502 3313 et
514 3275 564 3315 oro
577 3274 667 3333 regna
679 3274 729 3331 per
743 3255 931 3329 Proserpina,

331 3334 386 3393 Per
396 3346 426 3393 et
440 3333 541 3392 Dianae
556 3355 614 3393 non
628 3334 769 3393 movenda
788 3334 918 3405 numina,

330 3412 385 3471 Per
401 3424 484 3488 atque
498 3414 585 3472 libros
599 3415 759 3472 carminum
774 3412 930 3470 valentium

330 3492 435 3549 Relira
448 3493 521 3549 coelo
535 3493 673 3550 devocare
686 3494 801 3565 sidera„

331 3570 464 3642 Canidia,
478 3589 564 3645 parce
578 3572 695 3628 vocibus
709 3573 826 3629 tandem
839 3570 938 3642 sacris,

331 3650 484 3724 Citumque
498 3660 572 3707 retro
587 3650 674 3721 solve,
689 3652 775 3722 solve,
791 3650 943 3708 turbinem.

331 3726 422 3786 Movit
436 3738 568 3804 nepotem
583 3728 731 3804 Telephus
745 3729 897 3800 Nomium,

330 3806 367 3864 In
380 3826 464 3883 quem
478 3809 617 3883 superbus
629 3809 776 3865 ordinairat
790 3809 907 3884 agmina

331 3883 489 3961 Mysorum,
503 3895 532 3944 et
546 3887 576 3944 in
590 3906 676 3963 quem
689 3887 746 3944 tela
760 3898 846 3945 acuta
857 3894 988 3944 torserat.
