2617 4442
400 357 646 419 EPISTOLARUM
663 360 730 410 LlB.
748 360 770 409 1.
788 363 826 410 18.
1050 362 1107 422 165

152 504 218 567 Qui
232 503 313 575 dicit,
327 502 441 576 clamat,
456 502 603 561 “Victum
619 504 713 561 date.''
755 503 888 562 Succinit
898 503 988 563 alter:

155 588 174 617 ‘⁴
187 584 227 641 Et
239 583 309 639 mihi
323 582 439 639 dividuo
452 580 574 639 findetur
588 602 707 640 munere
720 582 856 657 quadra.”

156 663 217 721 Sed
231 662 334 719 tacitus
348 660 428 736 pasci
441 660 465 717 si
478 672 574 736 posset
587 679 700 735 corvus,
714 661 832 719 haberet
1067 664 1107 721 50

155 741 226 799 Plus
240 740 330 817 dapis,
344 750 373 797 et
386 740 453 795 rixae
467 738 556 798 multd
571 740 676 814 minus,
690 741 869 817 invidiaeque.

197 820 391 878 Brundusium
405 836 502 875 comes
515 830 565 877 aut
579 820 749 878 Surrentum
770 820 874 878 ductus
887 827 1041 895 amienum,

155 898 221 961 Qui
235 898 360 975 queritur
374 895 497 954 salebras
510 908 540 955 et
553 899 690 956 acerbum
704 899 793 975 frigus
806 909 837 957 et
849 899 963 975 imbres,

157 979 221 1036 Aut
234 978 335 1035 cistam
350 975 494 1033 effractam
509 987 559 1035 aut
571 977 713 1038 subducta
725 979 828 1035 viatica
837 979 936 1054 plorat,

157 1056 237 1115 Nota
249 1058 335 1113 refert
347 1054 504 1112 meretricis
518 1056 662 1129 acumina,
677 1055 754 1133 saepd
769 1058 911 1131 catellam,
1068 1058 1109 1115 55

158 1133 245 1212 Saepd
259 1133 457 1211 periscelidem
470 1145 579 1211 raptam
594 1136 647 1193 sibi
662 1136 775 1206 flentis;
797 1134 839 1194 uti
849 1156 915 1195 mox

157 1213 247 1272 Nulla
259 1213 331 1271 fides
344 1211 456 1269 damnis
469 1215 597 1290 verisque
611 1213 754 1274 doloribris
768 1215 850 1273 adsit.

156 1292 224 1351 Nec
238 1292 325 1351 semel
340 1291 437 1348 irrisus
450 1292 539 1349 triviis
552 1294 679 1351 attollere
692 1304 774 1351 curat

157 1371 264 1430 Fracto
276 1388 358 1427 crure
368 1370 486 1446 planum
498 1391 505 1441 3
526 1372 594 1430 licet
607 1373 647 1430 illi
658 1373 780 1451 plurima
793 1384 891 1432 manet

158 1450 318 1526 Lacryma;
339 1468 390 1525 per
403 1459 534 1507 sanctum
546 1451 657 1527 juratus
670 1452 748 1510 dicat
761 1451 879 1525 Osirim,
1070 1451 1109 1509 60

159 1535 179 1562 “
194 1529 320 1603 Credite,
334 1546 393 1586 non
407 1527 494 1599 ludo;
515 1531 657 1604 crudeles,
671 1530 761 1590 tollite
774 1531 936 1588 claudum.”

159 1613 179 1643 ‘⁸
193 1609 300 1672 Quaere
314 1605 526 1686 peregrinum‚'’
541 1609 647 1669 vicinia
660 1629 749 1667 rauca
760 1609 904 1668 reclamat.

445 1922 650 1982 EPISTOLA
664 1922 781 1984 XVIII.

513 2061 555 2101 Al>
573 2061 713 2103 comum.

160 2168 195 2225 Sr
208 2166 282 2223 bene
296 2176 324 2223 te
337 2164 413 2236 novi,
427 2172 546 2235 metues,
559 2162 704 2220 liberrime
717 2162 802 2237 Lolli,

161 2245 324 2303 Scurrantis
337 2244 461 2320 speciem
474 2242 610 2317 praebere,
623 2241 767 2317 professus
778 2242 910 2300 amicum

159 2324 200 2382 Ut
212 2334 339 2381 matrona
350 2321 493 2379 meretrici
507 2320 600 2395 dispar
611 2320 666 2377 erit
678 2331 763 2395 atque

160 2402 301 2475 Discolor,
315 2401 403 2459 infido
417 2418 522 2457 scurrae
536 2398 652 2456 distabit
665 2399 784 2456 amicus.

159 2482 214 2554 ¹Est
227 2481 295 2539 huic
308 2480 451 2537 diversum
466 2478 534 2536 vitio
544 2476 643 2536 vitium
658 2474 745 2554 prope
760 2476 862 2553 majus,

160 2561 309 2637 Asperitas
323 2560 440 2635 agrestis
453 2569 482 2615 et
493 2557 669 2615 inconcinna
682 2558 840 2632 gravisque,

162 2639 238 2702 Quae
252 2659 283 2696 se
297 2638 478 2696 commendat
491 2636 573 2695 tonstl
584 2646 661 2707 cute,
675 2636 809 2696 dentibus
822 2634 906 2707 atris;

160 2719 238 2777 Dum
252 2718 311 2775 vult
324 2717 438 2774 libertas
451 2717 509 2774 dici
522 2735 609 2786 mera,
623 2734 744 2791 veraque
758 2716 854 2773 virtus.

160 2798 259 2857 Virtus
272 2807 316 2855 est
329 2796 455 2853 medium
465 2796 596 2853 vitiorum
608 2805 637 2853 et
650 2796 782 2871 utrinque
792 2795 951 2853 reductum.

160 2877 243 2934 Alter
257 2877 287 2933 in
300 2875 466 2950 obsequium
481 2870 546 2951 plirs
560 2892 640 2949 aequc
653 2893 770 2951 pronus,
784 2885 814 2933 et
826 2874 877 2932 imi
1074 2875 1111 2932 10

160 2954 276 3013 Derisor
289 2954 367 3026 lecti,
381 2953 423 3010 sic
436 2965 537 3011 nutum
551 2954 646 3010 divitis
660 2956 764 3025 horret,

161 3035 211 3092 Sic
225 3035 306 3091 iterat
320 3052 413 3104 voces,
428 3043 457 3090 et
470 3032 555 3089 verba
567 3032 700 3090 cadentia
712 3033 795 3105 tollit,

160 3112 199 3170 Ut
211 3132 331 3190 puerum
345 3130 419 3169 saevo
432 3112 532 3169 credas
543 3112 649 3169 dictata
662 3112 797 3186 magistro

161 3191 307 3263 Reddere,
321 3190 365 3248 vel
378 3200 472 3266 partes
486 3190 604 3247 mimum
615 3198 738 3246 tractare
753 3188 904 3246 secundas.

160 3271 243 3327 Alter
256 3269 362 3328 rixatur
376 3271 412 3326 de
422 3269 489 3327 land
502 3265 578 3343 saepe
590 3264 719 3342 caprina,
1076 3269 1113 3326 15

160 3349 324 3425 Propugnat
338 3348 423 3425 nugis
436 3359 579 3406 armatus:
601 3350 620 3376 “
634 3345 762 3417 Scilicet,
773 3355 805 3402 ut
818 3362 876 3418 non

161 3428 207 3486 Sit
220 3428 290 3485 mihi
302 3427 394 3504 prima
407 3427 488 3500 fides,
503 3437 542 3499 et,
556 3422 622 3482 verb
637 3424 713 3501 quod
726 3425 828 3501 placet,
839 3434 872 3481 ut
885 3444 946 3483 non

158 3506 276 3565 Acriter
290 3508 417 3575 elatrem,
431 3506 553 3583 pretium
569 3516 636 3561 aetas
650 3505 738 3561 altera
752 3505 875 3562 sordet.”

160 3586 325 3662 Ambigitnr
338 3586 407 3662 quid
421 3586 521 3643 eniml
542 3582 643 3642 Castor
657 3584 730 3641 sciat
743 3602 780 3641 an
794 3582 932 3642 Dolichos
941 3582 1019 3659 plus3

159 3665 355 3724 Brundusium
370 3663 483 3721 Minuci
498 3660 599 3720 melius
613 3663 659 3721 via
669 3664 766 3735 ducat,
777 3682 814 3720 an
828 3662 915 3739 Appi.
1073 3663 1114 3721 20

198 3744 300 3807 Quem
314 3744 452 3801 damnosa
465 3742 575 3814 Venus,
589 3760 674 3818 quem
687 3761 814 3818 praeceps
828 3742 890 3800 alea
903 3741 1003 3816 nudat,

159 3824 258 3883 Gloria
271 3842 355 3899 quem
370 3840 454 3899 supra
467 3821 541 3878 vires
555 3831 584 3878 et
596 3822 680 3879 vestit
692 3833 722 3878 et
734 3822 827 3897 ungit,

159 3902 259 3965 Quem
272 3912 352 3961 tenet
364 3900 475 3978 argenti
489 3900 551 3959 sitis
564 3901 726 3978 importuna
739 3901 894 3977 famesque,
