2617 4442
554 291 755 362 canturium
771 292 838 340 tm.
856 293 878 340 1.

624 515 709 574 ODE
722 516 807 576 VIII.

573 653 613 692 ΔΙ)
627 653 857 696 mammutium.

380 755 478 813 ans
492 764 524 812 ut
538 751 596 811 altit
609 764 665 812 stet
678 753 743 812 nire
757 755 912 813 candidum

382 835 510 906 Soracte,
523 851 579 891 nec
587 832 647 909 jam
661 834 821 892 sustineant
833 853 907 892 onus

392 967 394 974 ,
422 913 505 972 Silvae
519 913 690 985 laborantes,
705 913 828 989 geluque
940 974 942 978 ,

460 991 594 1049 Flumina
608 992 788 1050 constiterint
801 1003 894 1051 acuto.

380 1072 510 1131 Dissolve
524 1071 622 1147 frigus,
636 1071 715 1146 ligna
727 1092 811 1148 super
825 1072 891 1130 socc

381 1148 474 1227 Largd
489 1170 644 1226 reponens;
667 1162 750 1227 atquc
765 1148 918 1227 benigniias

419 1231 560 1306 Deprome
574 1230 753 1305 quadrimum
768 1231 886 1303 Sabini,

457 1308 486 1366 O
500 1308 684 1382 Thaliarche,
699 1329 809 1368 merum
822 1309 910 1368 diottl.

380 1389 516 1447 Permitte
530 1389 601 1446 divis
615 1399 734 1447 caetera:
755 1390 804 1466 qui
817 1388 903 1446 simul

381 1467 513 1528 Stravdre
528 1478 626 1525 ventos
640 1487 753 1543 aequore
767 1470 875 1526 fervido

420 1547 638 1622 Deproeliantes‚
652 1567 708 1603 nec
721 1548 858 1622 cupressi,
919 1575 926 1588 =

460 1625 490 1682 N
492 1645 526 1682 ec
540 1635 649 1682 veteres
663 1626 806 1701 agitantur
819 1625 891 1683 orni.

381 1705 464 1768 Quid
478 1704 514 1762 sit
529 1704 654 1761 futurum
668 1723 741 1777 cras,
757 1705 823 1780 luge
836 1722 978 1780 quaerere3
999 1715 1029 1764 et

379 1786 478 1848 Quem
492 1803 552 1841 sors
566 1783 677 1841 dierum
691 1803 804 1859 cunque
819 1785 907 1857 dabit,
920 1785 1001 1843 lucro

419 1866 559 1941 Appone:
580 1882 635 1920 nec
649 1864 748 1920 dulces
762 1864 916 1922 Camoenas

460 1945 570 2019 Sperne
583 1962 664 2018 puer,
678 1963 770 2019 neque
784 1955 816 2001 tu
829 1946 966 2015 choreas3

377 2023 478 2081 Donec
488 2022 589 2080 virenti
603 2023 723 2080 canities
736 2024 816 2080 abest

379 2102 502 2160 Morosa.
544 2099 633 2158 Nunc
647 2112 677 2159 et
690 2121 818 2178 campus,
832 2113 862 2160 et
875 2121 960 2175 arear,

419 2182 569 2256 Lenesque
583 2181 636 2237 sub
649 2192 763 2238 noctem
778 2183 895 2254 susurri,

460 2259 625 2336 Compositit
639 2271 802 2336 repetantur
816 2261 893 2318 horit.

553 2627 555 2630 ,
637 2531 806 2634 onum.¹

589 2713 629 2751 AD
644 2714 835 2755 Mamertinum·

380 2815 535 2885 Marcum,
551 2814 674 2872 facunde
688 2835 777 2890 nepos
790 2815 925 2890 Atlantis,

378 2896 441 2958 Qui
456 2896 530 2952 feros
544 2895 637 2951 cultus
652 2895 798 2952 hominum
812 2896 960 2955 recentium

379 2975 459 3034 Voce
473 2973 600 3032 formdsti
614 2984 704 3046 catus,
719 2985 748 3032 et
762 2976 873 3033 decoroe

536 3053 619 3111 More
633 3053 787 3128 palaestrae3

379 3134 425 3192 Te
439 3152 551 3205 canam,
567 3133 664 3208 magni
679 3131 759 3190 Iovis
772 3144 802 3190 et
815 3134 933 3190 deorum

378 3212 532 3284 Nuntium,
547 3230 697 3285 curvaeque
710 3212 777 3285 lyrae
790 3223 954 3286 parentem3

380 3291 535 3361 Callidum,
549 3289 687 3363 quidquid
701 3289 818 3364 placuit,
829 3290 928 3365 jocoso

444 3402 446 3406 .
537 3367 672 3424 Condere
686 3367 768 3424 furto.

380 3447 437 3521 Te,
452 3448 537 3505 boves
551 3447 618 3504 olim
632 3446 688 3503 nisi
701 3447 874 3506 reddidisses

381 3528 436 3585 Per
450 3526 546 3584 dolum
561 3537 678 3598 amotas,
693 3545 812 3601 puerum
826 3529 933 3587 minaci
979 3552 983 3556 ’

379 3608 460 3667 Voce
474 3608 542 3664 dum
556 3616 651 3678 terret,
666 3606 768 3663 viduus
780 3609 913 3683 pharetrd

537 3685 614 3744 Risit
628 3686 741 3762 Apollo.

378 3765 461 3828 Quin
482 3774 511 3823 et
525 3765 651 3837 Atridas,
666 3767 741 3823 duce
754 3777 793 3837 te,
807 3766 954 3843 superbos,

379 3846 435 3905 llio
448 3845 527 3903 dives
540 3845 671 3903 Priamus
684 3846 794 3920 relicto,
