2617 4442
493 360 525 417 u
542 358 689 408 ιιοιιιιιι
705 356 830 432 ιιιοοι

593 579 679 639 ODE
692 579 731 640 X.

559 716 599 756 ιιι
613 717 766 792 nomos.

325 817 481 878 Huucums
495 817 561 891 ritu,
580 814 667 876 modo
681 817 785 890 dictus,
798 836 816 877 o
828 817 921 897 plebs,

325 896 420 956 Morte
434 897 563 955 venalem
576 897 692 974 petiisse
705 897 827 971 laurum,

324 974 423 1034 Cesar
436 976 567 1054 Hispani
580 977 684 1052 repetit
696 976 821 1034 Penates

562 1055 662 1114 Victor
676 1055 713 1113 ab
724 1057 784 1114 ori.

324 1133 419 1192 Unico
431 1135 560 1211 gaudens
573 1135 675 1192 mulier
688 1135 790 1193 marito

323 1211 456 1288 Prodest,
467 1213 551 1290 justis
563 1224 679 1290 operate
692 1214 780 1284 divis3

282 1329 285 1336 ι
325 1291 364 1350 Et
376 1311 454 1351 soror
467 1293 537 1351 olari
551 1293 652 1350 ducis:
672 1302 702 1350 et
715 1294 827 1350 decorae

562 1371 699 1447 Supplice
712 1370 783 1429 ritui

325 1449 479 1526 virginum
492 1460 596 1508 matres
606 1451 801 1526 juvenumque
814 1468 905 1526 nuper

327 1529 481 1606 Sospitum.
522 1529 593 1601 Vos,
606 1548 624 1585 ο
637 1529 729 1604 pueri,
742 1540 772 1586 et
784 1529 886 1604 puelle

327 1606 345 1663 J
347 1627 393 1665 arn
407 1608 498 1665 virum
512 1618 644 1683 experte,
659 1605 735 1664 mele
749 1607 883 1666 eminetis

563 1686 677 1744 Parcite
690 1687 792 1745 verbis.

327 1763 388 1823 Hic
401 1765 462 1823 dies
475 1761 542 1822 vere
556 1765 627 1822 mihi
641 1765 729 1822 festus
742 1776 818 1824 utras

326 1842 441 1901 Eximet
454 1862 554 1901 ouras:
575 1862 629 1920 ego
643 1862 699 1901 nec
712 1844 876 1918 tumultum,

326 1921 392 1980 Nec
405 1923 477 1980 mori
490 1941 541 1999 per
554 1922 611 1980 vim
625 1933 761 1997 metuam,
775 1934 891 1982 tenente

563 2001 678 2060 Caesare
692 2013 790 2061 terras.

329 2079 356 2151 1,
369 2089 435 2156 pete
449 2099 488 2138 un
529 2090 638 2155 ectum,
651 2101 733 2158 puer,
746 2092 920 2156 eteorum,

326 2157 365 2217 Et
378 2159 481 2217 cadum
489 2099 586 2219 ppmi
599 2179 754 2220 memorem
767 2161 864 2234 duelli,

330 2239 497 2316 Spartacum
511 2240 535 2296 si
548 2240 605 2315 qui
618 2241 709 2316 potuit
721 2250 872 2317 rogantem

564 2317 677 2376 Fallere
690 2329 770 2376 testu.

328 2395 428 2455 Dicet
441 2408 548 2474 ergutae
561 2408 692 2474 properet
705 2397 817 2455 Ncaerae

328 2473 509 2550 Myrrhinum
524 2477 599 2534 nodo
612 2477 746 2534 cohibere
760 2477 886 2535 crinem:

329 2553 362 2611 Si
374 2573 425 2629 por
438 2555 560 2611 invisum
573 2572 652 2610 mora
662 2554 814 2628 janitorem

564 2629 639 2703 Fiet,
654 2631 738 2690 abito.

328 2709 413 2767 Leuit
426 2709 577 2767 albescens
590 2711 701 2768 animos
716 2711 834 2787 capillus

329 2787 435 2847 Litium
449 2799 479 2846 et
491 2788 560 2846 rixe
573 2789 693 2864 cupidos
705 2802 842 2866 proterve
851 2810 871 2866 :⁸

328 2865 397 2924 Non
409 2885 464 2944 ego
478 2868 533 2926 hoc
547 2867 660 2941 serrem,
674 2868 784 2927 calidus
794 2868 922 2944 juventi,

566 2946 693 3005 Consule
706 2947 823 3005 Planco.

584 3260 670 3321 ODE
682 3259 738 3320 XI.

535 3400 575 3440 An
596 3400 805 3441 MAEcuNA'ruM.

331 3500 487 3560 Iucuussu
501 3499 625 3557 Danaen
638 3500 725 3558 turris
738 3501 858 3574 sheneu

330 3579 525 3655 Robustaeque
538 3578 623 3648 fores,
636 3588 667 3634 et
679 3577 797 3653 vigilum
811 3595 917 3636 conum

331 3658 441 3716 Tristes
453 3655 592 3727 excubie,
606 3655 771 3715 munierant
783 3654 853 3716 sotis

488 3733 646 3792 Nocturnis
660 3734 696 3790 ab
709 3735 862 3807 adulteris3

331 3815 364 3873 Si
377 3832 435 3873 non
446 3814 603 3885 Acrisium,
618 3812 736 3888 virginis
749 3814 852 3870 abdite

331 3891 488 3952 Custodem
501 3893 645 3968 pavidum,
660 3890 772 3968 Jupiter
785 3903 814 3951 et
827 3892 928 3951 Venus
