2617 4442
410 352 658 404 EPISTOLARUM
675 355 741 405 LlB.
758 356 780 405 1.
798 358 836 405 18.
854 360 893 407 14.

485 574 690 635 EPISTOLA
716 576 804 637 XIII.

474 712 519 769 ¹an
533 712 643 754 vnvmm
656 714 803 755 muman.

190 814 236 872 Un
248 811 476 889 proficiscentem
490 813 576 871 docui
589 824 618 871 te
632 810 707 891 saepd
721 815 838 891 diuque,

189 894 323 969 Augusto
336 892 438 949 reddes
452 891 563 967 signata
576 894 730 966 volumina,
744 893 824 969 Vini,

190 972 223 1029 Si
238 972 356 1044 validus,
368 970 392 1027 si
406 971 487 1029 laetus
501 972 564 1045 erit,
578 971 602 1029 si
617 972 740 1047 denique
753 984 872 1048 poscet3

189 1050 220 1109 N
222 1070 238 1107 e
252 1051 346 1108 studio
359 1051 447 1107 nostri
460 1070 573 1126 pecces,
587 1051 741 1127 odiumque
754 1052 857 1110 libellis

191 1130 314 1187 Sedulus
325 1129 457 1205 importes
467 1129 554 1205 operd
564 1130 733 1187 vehemente
746 1130 884 1190 minister.

190 1208 223 1265 si
236 1219 265 1265 te
278 1206 350 1266 forte
364 1227 435 1265 meae
449 1208 541 1285 gravis
555 1219 618 1267 uret
628 1208 742 1266 sarcina
754 1211 871 1283 chartae,

189 1288 316 1364 Abjicito
329 1286 434 1363 potius,
446 1285 532 1363 quam
545 1284 601 1363 qud
612 1287 736 1363 perferre
744 1287 853 1363 juberis

190 1366 318 1424 Clitellas
332 1365 408 1423 ferus
422 1366 572 1443 impingas,
587 1366 742 1441 Asinaeque
755 1378 906 1441 paternum

191 1445 358 1523 cognomen
373 1455 464 1502 vertas
478 1446 508 1502 in
522 1445 619 1517 risum,
634 1456 663 1502 et
676 1444 772 1502 fabula
784 1445 844 1503 fias.

190 1525 306 1583 Viribus
320 1524 409 1599 uteris
421 1543 472 1599 per
486 1523 583 1595 clivos
597 1522 724 1595 flumina,
738 1523 836 1582 lamas.

190 1604 289 1661 Victor
301 1602 438 1680 propositi
451 1602 536 1659 simul
550 1621 584 1659 ac
597 1601 759 1677 perveneris
772 1602 851 1675 illuc,

191 1684 240 1742 Sic
252 1683 376 1759 positum
387 1682 511 1739 servabis
524 1700 607 1753 onus,
621 1700 659 1738 ne
673 1678 744 1738 forte
758 1681 812 1737 sub
825 1681 871 1738 ald

191 1761 372 1821 Fasciculum
386 1772 480 1837 portes
493 1761 638 1833 librorum,
652 1769 684 1816 ut
694 1760 817 1817 rusticus
830 1780 948 1838 agnum,

189 1840 229 1899 Ut
238 1842 336 1899 vinosa
348 1840 456 1917 glomos
471 1839 579 1897 furtivae
589 1838 709 1914 Pyrrhia
721 1839 805 1914 lanae,

189 1920 229 1979 Ut
239 1940 305 1981 cum
318 1920 420 1996 pileolo
433 1919 524 1977 soleas
537 1919 658 1976 conviva
671 1917 789 1976 tribulis.

189 2000 236 2058 Ne
250 1998 334 2075 vulgo
349 2018 446 2057 narres
460 2008 488 2055 te
502 1998 646 2055 sudavisse
661 1998 779 2055 serendo

189 2080 325 2137 Carmina
337 2097 399 2153 quae
413 2078 521 2155 possint
534 2077 632 2135 oculos
646 2094 783 2151 auresque
797 2075 900 2135 morari

188 2158 324 2216 Caesaris:
338 2169 434 2215 oratus
447 2155 536 2214 multa
549 2174 644 2231 prece,
658 2155 749 2213 nitere
762 2150 855 2229 porro.

190 2237 280 2311 Vade,
294 2236 355 2295 vale
363 2257 371 2309 ς
393 2255 461 2295 cave
476 2254 513 2292 ne
526 2234 641 2307 titubes,
654 2234 844 2308 mandataque
858 2234 979 2312 frangas.

484 2550 689 2610 EPISTOLA
714 2547 801 2610 XIV.

492 2690 532 2729 An
546 2691 689 2731 vtnnlcuu
702 2692 793 2731 SUUM.

187 2794 313 2853 mecn
328 2791 460 2849 silvarum
474 2801 503 2848 et
516 2791 586 2848 mihi
600 2811 646 2849 me
660 2794 807 2851 reddentis
820 2793 915 2869 agelli,

187 2872 285 2935 Quem
299 2883 331 2929 tu
345 2871 462 2942 fastidis,
477 2870 632 2927 habitatum
646 2873 770 2948 quinque
784 2872 863 2945 focis,
878 2883 907 2929 et

186 2950 324 3025 Quinque
339 2951 427 3007 bonos
441 2949 553 3007 solitum
567 2950 684 3008 Variam
698 2950 840 3009 dimittere
854 2963 965 3027 patres;

186 3031 348 3101 Certemus,
362 3030 458 3104 spinas
471 3030 602 3086 animone
616 3049 671 3105 ego
684 3029 794 3103 fortiim,
809 3050 845 3087 an
858 3042 891 3088 tu

186 3109 300 3167 Evellas
314 3127 382 3184 agro
390 3128 397 3177 ;
419 3118 447 3165 et
461 3108 559 3165 melior
573 3109 609 3165 sit
622 3108 768 3180 Horatius,
783 3130 820 3166 an
834 3128 888 3165 res.

226 3187 276 3244 Me
290 3186 418 3263 quamvis
431 3185 538 3245 Lamiae
552 3186 642 3261 pietas
655 3200 685 3243 et
698 3206 768 3244 cura
780 3197 915 3258 moratur,

186 3266 316 3324 Fratrem
330 3264 485 3337 moerentis,
500 3276 580 3339 rapto
593 3264 629 3321 de
644 3265 728 3321 fratre
742 3264 865 3321 dolentis

186 3344 393 3415 Insolabiliter3
414 3354 510 3401 tamen
525 3343 619 3399 isthuc
633 3362 715 3400 mens
729 3343 896 3417 animusque

186 3424 264 3497 Fert,
279 3434 307 3481 et
321 3434 397 3481 amat
409 3422 507 3498 spatiis
519 3421 661 3479 obstantia
673 3441 805 3497 rumpere
819 3422 950 3479 claustra.

185 3504 267 3561 Rure
281 3522 336 3579 ego
349 3502 501 3573 viventem,
515 3511 546 3557 tu
561 3499 632 3557 dicis
646 3501 676 3557 in
690 3502 770 3571 urbe,
785 3503 916 3559 beatum:

185 3582 242 3639 Cui
255 3583 350 3659 placet
363 3580 488 3652 alterius,
503 3598 554 3636 sua
567 3580 702 3638 nimirum
716 3592 759 3638 est
771 3582 836 3639 odio
850 3600 918 3638 sors.

186 3662 296 3719 Stultus
310 3671 428 3735 uterque
442 3658 536 3715 locum
550 3658 721 3716 immeritum
736 3672 869 3717 causatur
882 3656 997 3735 iniqud;

185 3740 222 3799 In
236 3740 321 3816 culpd
335 3749 379 3796 est
393 3738 514 3808 animus,
528 3738 576 3812 qui
590 3758 620 3794 se
634 3757 692 3795 non
706 3740 805 3814 effugit
818 3757 953 3813 unquam.

184 3820 234 3877 Tu
250 3818 436 3876 mediastinus
450 3816 537 3874 tacita
550 3836 634 3893 prece
649 3836 715 3873 rura
727 3818 853 3891 petebas,

184 3898 274 3958 Nunc
288 3898 388 3955 urbem
402 3908 430 3955 et
443 3896 525 3953 ludos
538 3907 568 3953 et
582 3896 683 3953 balnea
697 3896 807 3953 villicus
819 3908 917 3973 optas:
1101 3897 1138 3955 15
