2617 4442
470 329 719 379 EPISTOLARUM
736 330 803 378 LIB.
820 330 842 379 1.
858 331 898 378 2⁰.

224 473 304 534 Hinc
318 473 374 533 illae
388 473 529 549 lacrymae.
573 474 678 551 Spissis
692 473 811 550 indigna
823 471 942 531 theatris

226 555 339 630 Scripta
351 554 440 631 pudet
453 554 581 626 recitare,
597 565 626 612 et
638 554 724 629 nugis
738 554 843 611 addere
858 552 980 628 pondus,

226 635 259 692 Si
273 634 351 692 dixi:
365 637 384 664 “
394 632 515 705 Rides,’'
531 633 579 704 ait,
594 637 653 690 “et
667 632 747 691 lovis
761 632 879 690 auribus
893 632 950 691 iste

226 716 344 771 Servus:
365 711 430 769 fidis
443 712 521 769 enim
535 731 652 770 manare
665 713 781 788 poetice
794 711 879 768 mella

225 794 272 850 Te
286 793 388 865 solum,
402 792 453 849 tibi
467 790 614 867 pulcher.'’
657 792 706 849 Ad
721 792 783 849 lraec
797 810 851 867 ego
865 788 982 846 naribus
996 786 1039 845 uti

225 872 377 929 Formido:
398 881 436 940 et,
451 871 585 928 luctantis
599 882 684 928 acuto
696 890 734 927 ne
748 889 829 927 secer
844 868 946 945 ungui,

227 951 395 1027 “Displicet
408 951 461 1007 iste
472 950 582 1022 locus,'’
598 951 701 1022 clamo,
715 960 745 1007 et
758 949 867 1007 diludia
879 966 975 1024 posco.

225 1030 325 1089 Ludus
338 1029 415 1087 enim
429 1030 531 1106 genuit
544 1030 687 1106 trepidum
701 1040 847 1087 certamen
860 1039 890 1085 et
902 1028 984 1099 iram,

227 1110 273 1168 Ira
286 1121 381 1167 truces
394 1108 560 1167 inimicitias
574 1119 603 1166 et
617 1109 737 1166 fimebre
752 1108 867 1165 bellum.

538 1422 743 1483 EPISTOLA
763 1424 834 1481 XX.

540 1563 581 1602 Al>
601 1563 717 1603 LIBRUM
738 1564 827 1602 SUUM·

227 1666 430 1724 Vnnrunnsun
445 1663 463 1720 J
465 1682 618 1739 anumque,
632 1664 714 1737 liber,
730 1674 858 1739 spectare
872 1662 976 1722 videris
984 1684 993 1735 ;

229 1746 348 1805 Scilicet
363 1755 394 1802 ut
407 1754 517 1820 prostes
531 1743 678 1801 Sosiorum
692 1744 808 1819 pumice
821 1744 954 1801 mundus.

228 1824 323 1883 Odisti
337 1824 431 1881 clares
445 1833 474 1881 et
487 1834 568 1899 grata
581 1822 674 1899 sigilla
688 1822 810 1899 pudico:

228 1904 332 1963 Paucis
345 1903 457 1961 ostendi
471 1902 572 1979 gemis,
587 1914 616 1960 et
630 1902 795 1960 communia
808 1902 917 1975 laudas,

228 1984 256 2041 N
259 2003 296 2042 on
312 1983 351 2040 ita
364 1982 496 2041 nutritus.
538 1981 620 2059 Fuge
634 1978 691 2057 qud
706 1982 882 2040 descendere
896 1980 1001 2058 gestis:

229 2064 296 2122 Non
312 2062 365 2121 erit
378 2062 482 2119 emisso
495 2062 604 2119 reditus
618 2062 678 2119 tibi.
721 2064 738 2091 “
748 2061 830 2123 Quid
844 2062 930 2119 miser
944 2062 1011 2139 egil

227 2143 310 2205 Quid
324 2142 399 2200 volui
409 2142 439 2199 l''
456 2141 544 2214 diceS,
559 2141 608 2199 ubi
622 2140 690 2216 quid
704 2151 732 2199 te
747 2140 851 2199 laeserit
865 2161 873 2212 ;
908 2152 940 2199 et
953 2141 1010 2199 scis

229 2223 264 2280 In
278 2223 362 2280 breve
377 2232 405 2279 te
419 2220 493 2297 cogi,
507 2221 609 2297 plenus
623 2239 711 2295 quum
724 2220 842 2295 languet
855 2232 972 2278 amator.

227 2300 319 2365 Quod
332 2301 357 2359 si
370 2320 428 2359 non
442 2300 509 2357 odio
523 2299 671 2375 peccantis
685 2299 788 2375 desipit
801 2318 902 2374 augur,

228 2382 321 2439 Carus
334 2379 390 2438 eris
404 2381 518 2451 Romae,
533 2380 626 2435 donec
639 2390 668 2436 te
682 2378 795 2435 deserat
808 2389 884 2436 etas.

229 2461 429 2519 Contrectatus
444 2457 493 2515 ubi
507 2458 639 2515 manibus
653 2458 817 2515 sordescere
831 2457 908 2535 vulgi

229 2540 367 2616 cruperis,
382 2550 431 2597 aut
444 2538 536 2595 tineas
550 2556 650 2614 pasces
664 2537 823 2594 taciturnus
837 2537 953 2609 inertes,

230 2621 291 2677 Aut
306 2619 399 2695 fugies
413 2618 541 2690 Uticam,
557 2628 606 2675 aut
620 2616 733 2674 vinctus
746 2617 865 2674 mitteris
879 2616 1013 2675 Ilerdam.

229 2699 349 2758 Ridebit
362 2697 483 2756 monitor
498 2718 555 2755 non
570 2697 739 2766 exauditus;
762 2708 793 2754 ut
806 2697 853 2754 ille

228 2778 291 2839 Qui
305 2775 380 2836 male
395 2787 540 2853 parentem
557 2777 586 2834 in
600 2796 685 2853 rupes
699 2777 833 2853 protrusit
847 2776 966 2834 asellum

230 2857 340 2915 Iratus:
361 2856 424 2932 quis
438 2857 515 2915 enim
530 2850 649 2914 invitum
665 2875 777 2915 servare
791 2857 919 2914 laboretl

230 2936 295 2995 Hoc
309 2955 420 3014 quoque
433 2946 461 2994 te
475 2948 582 3009 manet,
597 2947 628 2993 ut
640 2956 744 3012 pueros
757 2936 900 2993 elementa
912 2936 1065 2994 docentem

230 3017 363 3093 Occupet
376 3016 509 3074 extremis
523 3016 553 3073 in
567 3016 637 3073 vicis
652 3016 735 3073 balba
749 3027 891 3073 senectus.

229 3097 331 3158 Quum
344 3095 396 3153 tibi
411 3095 451 3154 sol
465 3095 578 3171 tepidus
592 3096 688 3171 plures
702 3095 858 3151 admoverit
870 3112 964 3166 aures,

231 3175 281 3233 Me
294 3174 427 3233 libertino
441 3186 540 3231 natum
553 3184 643 3250 patre,
658 3184 687 3230 et
701 3173 731 3230 in
746 3172 826 3230 tenui
839 3192 871 3230 re

230 3251 354 3331 Majores
367 3273 477 3330 pennas
490 3254 559 3311 nido
573 3252 746 3322 extendisse,
761 3251 901 3326 loqueris;

230 3333 278 3406 Ut,
292 3343 430 3408 quantum
443 3332 543 3409 generi
557 3332 666 3402 demas,
681 3329 831 3387 virtutibus
845 3330 949 3387 addas:

231 3411 281 3469 Me
296 3412 394 3489 primis
407 3411 493 3470 Urbis
508 3410 576 3467 belli
589 3409 733 3485 placuisse
747 3409 891 3483 domique,

231 3491 364 3568 Corporis
377 3491 484 3567 exigui,
499 3508 673 3565 precanum,
687 3488 794 3546 solibus
808 3500 915 3566 aptum,

231 3569 320 3628 Irasci
334 3568 468 3642 celerem,
483 3580 579 3627 tamen
593 3579 625 3626 ut
637 3568 785 3645 placabilis
799 3587 901 3626 essem.

231 3646 318 3708 Fortd
332 3667 430 3707 meum
444 3648 468 3705 si
482 3647 547 3723 quis
560 3659 588 3705 te
601 3648 816 3725 percontabitur
830 3667 932 3723 aerum,

230 3728 281 3789 Me
295 3739 395 3805 quater
409 3728 539 3785 undenos
553 3728 625 3786 sciat
638 3728 798 3803 implevisse
813 3727 1000 3805 Decembres,

231 3808 381 3887 collegam
394 3806 537 3885 Lepidum
550 3825 606 3883 quo
619 3808 701 3865 duxit
714 3806 823 3865 Lollius
837 3826 922 3867 anno.

1122 330 1178 388 169

1146 2778 1183 2834 15

1176 2997 1221 3015 ,θ’

1144 3172 1184 3230 20
