2617 4442
535 375 601 424 ARS
617 375 773 426 pomer.

192 518 302 592 Credit,
317 529 346 577 et
359 517 486 577 excludit
498 536 582 577 sanos
596 518 738 577 Helicone
751 523 861 596 poetas,

191 598 383 671 Democritus,
398 598 473 655 bone
485 618 550 674 pars
564 617 621 655 non
635 617 748 675 ungues
761 619 866 675 ponere
880 616 971 675 curat,

191 676 260 735 Non
275 678 401 750 barbam,
416 689 526 735 secreta
539 678 609 754 petit
621 676 696 749 loca,
710 678 811 736 balnea
825 680 902 739 vitat.

192 756 222 813 N
225 757 386 815 anciscetur
400 758 477 814 enim
491 758 614 833 pretium
628 776 790 834 nomenque
802 763 906 834 po'c'tae,

193 836 225 893 Si
240 836 330 893 tribus
343 837 491 911 Anticyris
505 847 591 912 caput
604 836 763 893 insanabile
777 857 924 913 nunquam

193 914 317 973 Tonsori
328 916 431 972 Licino
444 916 625 973 commiserit.
668 914 696 971 0
710 934 765 991 ego
777 917 875 987 laevus,

191 994 255 1055 Qui
268 1014 371 1071 purgor
386 995 471 1052 bilem
485 996 539 1051 sub
553 992 633 1051 verni
647 994 782 1069 temporis
795 996 910 1054 horaml

192 1073 261 1131 Non
275 1074 347 1130 alius
361 1074 467 1130 faceret
481 1074 597 1131 meliora
609 1076 759 1149 poemata:
780 1070 880 1131 verium

192 1152 243 1209 Nil
257 1153 329 1210 tanti
343 1164 393 1210 est.
436 1152 513 1229 Ergo
527 1153 628 1227 fungar
643 1152 705 1208 vice
719 1152 801 1224 cotis,
815 1164 931 1210 acutum

192 1231 328 1289 Reddere
341 1250 404 1307 quae
420 1232 524 1289 ferrum
537 1232 621 1302 valet,
634 1250 732 1289 exsors
745 1230 806 1307 ipsa
817 1233 951 1290 secandi:
1090 1235 1149 1293 305

193 1309 302 1369 Munus
315 1322 344 1369 et
356 1309 493 1383 officium,
507 1310 547 1368 nil
562 1310 691 1367 scribens
704 1310 774 1385 ipse,
785 1311 895 1369 docebo
902 1331 910 1381 ;

192 1388 277 1447 Unde
291 1400 425 1466 parentur
439 1408 523 1464 opes;
544 1390 612 1464 quid
627 1389 684 1446 alat
698 1390 854 1465 formetque
864 1394 996 1466 po‘e'tsm3

192 1470 275 1531 Quid
287 1470 397 1541 deceat,
412 1469 479 1545 quid
493 1487 569 1537 non;
589 1465 645 1542 qud
659 1468 755 1539 virtus,
769 1466 826 1543 qud
843 1470 914 1527 ferat
925 1489 1011 1529 error.

235 1548 387 1605 Scribendi
401 1544 479 1604 recte
495 1566 593 1622 sapere
607 1558 650 1603 est
663 1558 692 1603 et
705 1547 876 1623 principium
890 1558 919 1605 et
932 1549 1004 1607 fons.
1144 1536 1187 1613 'l
1205 1567 1245 1591 *¹
1261 1568 1269 1589 ·

121 1676 123 1681 .
192 1626 272 1684 Rem
287 1628 338 1684 tibi
352 1626 506 1684 Socraticae
519 1635 652 1702 poterunt
665 1626 816 1683 ostendere
830 1627 951 1685 chartae:
1091 1630 1149 1687 310

192 1706 346 1781 Verbaque
359 1705 498 1781 provisam
512 1723 572 1761 rem
585 1722 643 1761 non
658 1704 746 1761 invita
757 1716 919 1781 sequentur.

191 1785 255 1846 Qui
269 1785 369 1843 didicit
381 1785 479 1861 patria,²
494 1782 563 1859 quid
577 1784 690 1856 debeat,
704 1784 814 1859 etquid
827 1784 938 1858 amicis,

192 1864 263 1925 Quo
273 1864 310 1922 sit
323 1882 419 1922 amore
432 1882 544 1939 parens,
558 1881 614 1937 quo
628 1863 713 1919 frater
726 1864 875 1936 amandus,
888 1875 918 1921 et
930 1866 1043 1944 hospes,

191 1943 281 2004 Quod
294 1943 331 2001 sit
345 1942 507 2019 conscripti,
521 1942 595 2018 quod
606 1941 712 2017 judicis
725 1942 860 2015 officium,
873 1959 937 2019 quae

193 2021 291 2081 Partes
304 2024 335 2082 in
348 2022 454 2081 bellum
468 2022 546 2080 missi
560 2022 659 2091 ducis;
680 2020 729 2078 ille
742 2020 871 2097 profecto
1089 2025 1146 2083 315

193 2100 329 2161 Reddere
341 2121 470 2179 personae
484 2102 538 2159 scit
551 2101 752 2160 convenientia
765 2101 877 2177 cuique.

193 2180 352 2259 Respicere
365 2182 508 2257 exemplar
522 2180 585 2238 vitae
599 2198 768 2256 morumque
778 2181 885 2256 jubebo

192 2260 318 2320 Doctum
328 2262 508 2332 imitatorem,
522 2271 551 2318 et
564 2278 643 2317 veras
657 2260 726 2317 hinc
739 2261 845 2316 ducere
858 2279 951 2318 voces.

192 2340 341 2400 Interdum
353 2340 482 2419 speciosa
495 2338 565 2398 locis
577 2351 741 2414 morataque
752 2335 831 2395 reete

193 2420 313 2495 Fabula,
327 2412 434 2480 nullius
448 2419 569 2491 veneris,
583 2420 644 2477 sine
659 2418 785 2494 pondere
798 2428 828 2475 et
841 2428 911 2491 arte,
1090 2419 1148 2477 320

192 2498 313 2559 Valdiirs
327 2502 451 2559 oblectat
463 2498 598 2575 populum
613 2495 772 2572 meliusque
783 2508 916 2569 moratur,

191 2579 292 2641 Quem
306 2599 403 2638 versus
416 2581 516 2655 inopes
529 2596 634 2649 rerum,
648 2594 788 2652 nugaeque
802 2594 923 2633 cenorae.
934 2604 945 2624 r
1014 2611 1037 2644 „
1056 2643 1060 2649 .
1074 2634 1119 2647 q„
1140 2604 1191 2682 a]

238 2659 331 2718 Graiis
345 2660 503 2737 ingenium,
515 2656 609 2715 Graiis
622 2656 703 2713 dedit
715 2674 763 2712 ore
778 2654 899 2712 rotundo

192 2742 279 2800 Musa
289 2739 374 2815 loqui,
387 2746 488 2815 praeter
502 2738 616 2795 leudem
627 2735 733 2792 nullius
747 2734 853 2791 avaris:

92 2854 95 2861 ι
192 2820 319 2880 Romani
330 2818 411 2895 pueri
423 2817 516 2893 longis
529 2815 687 2874 rationibus
700 2832 793 2870 assem
1088 2814 1147 2871 325

192 2902 317 2959 Discunt
330 2900 359 2956 in
374 2907 468 2974 partes
483 2907 600 2953 eentum
615 2894 760 2951 diducere.
803 2896 821 2922 ‘⁴
837 2890 924 2950 Dicat

192 2980 285 3038 Filius
298 2976 407 3049 Albini,
422 2976 446 3033 si
460 2977 496 3033 de
509 2975 672 3050 quincunce
685 2982 795 3030 remota
807 2981 851 3028 est
951 3020 960 3033 ,

191 3059 295 3130 Uncia,
309 3057 377 3133 quid
391 3055 541 3131 superatt’
578 3057 596 3084 “
611 3052 729 3109 Poteras
743 3050 858 3124 dixisse,
872 3049 1006 3107 Triens.”
1042 3054 1062 3083 “
1073 3048 1136 3109 Eu!

192 3137 269 3197 Rem
282 3135 388 3214 poteris
401 3151 512 3190 servare
525 3142 612 3189 tuam.
653 3129 745 3187 Redit
758 3128 853 3199 uncia,
867 3128 935 3203 quid
949 3128 1018 3186 fitt’

193 3222 211 3249 ‘⁴
227 3215 348 3275 Semis.''
391 3212 451 3283 An,
465 3212 527 3267 bec
539 3210 649 3267 animos
660 3226 757 3282 aerugo
770 3218 799 3265 et
813 3224 882 3263 cura
894 3206 990 3281 peculi
1089 3208 1148 3265 330

190 3297 293 3358 Quum
308 3290 395 3351 semel
410 3289 552 3361 imbuerit,
567 3303 714 3364 speramus
727 3285 855 3343 carmina
868 3284 938 3360 fingi

192 3374 280 3434 Posse
293 3370 411 3432 linenda
422 3368 517 3439 cedre,
531 3379 560 3426 et
573 3366 626 3425 levi
638 3365 778 3423 servande
790 3366 944 3440 cupressol
958 3366 963 3381 '

232 3455 294 3512 Aut
306 3453 440 3530 prodesse
454 3448 560 3521 volunt,
574 3456 623 3505 aut
636 3444 788 3519 delectare,
801 3449 904 3523 poete,

194 3533 256 3591 Aut
269 3532 353 3591 simul
369 3540 398 3589 et
408 3524 539 3607 jucunda
549 3538 578 3585 et
591 3527 696 3584 idonea
708 3525 805 3585 dicere
818 3526 890 3584 vitae.

192 3612 341 3689 Quidquid
355 3609 512 3687 precipies‚
524 3618 587 3665 esto
600 3604 693 3663 brevis
701 3622 719 3673 ;-
729 3614 761 3663 ut
774 3602 832 3664 citd
847 3605 924 3665 dicta
1088 3605 1148 3664 335

192 3690 357 3768 Percipient
370 3688 457 3748 animi
471 3686 578 3745 dociles
591 3694 763 3760 teneantque
776 3685 890 3743 fideles:

193 3769 290 3829 Omne
303 3786 510 3847 supervacuum
523 3766 608 3843 pleno
622 3765 658 3822 de
671 3776 785 3841 pectore
799 3773 903 3823 manat

194 3848 279 3911 Picta
292 3847 441 3928 voluptatis
454 3847 544 3905 causi
557 3846 615 3903 sint
627 3845 758 3923 proxime
770 3843 857 3903 veris:
