2617 4442
535 375 737 424 CARMINUM
754 375 820 425 LlB.
839 378 861 428 1.

356 519 503 578 Proximos
517 518 557 576 illi
570 528 667 577 tamen
681 521 832 598 occupavit

512 598 606 655 Pallas
621 599 751 656 honores.

355 677 466 736 Proeliis
479 679 582 749 audax,
596 697 690 752 neque
704 689 731 735 te
746 679 844 752 silebo,

354 757 450 831 Liber,
465 767 494 814 et
507 757 588 814 saevis
602 757 720 815 inimica
733 758 812 833 virgo

354 837 478 907 Belluis3
499 846 596 893 necte
610 837 765 893 metuende
778 836 859 894 certb

512 915 620 972 Phoebe
634 916 746 991 sagitta.

354 994 458 1054 Dicam
472 1005 502 1052 et
515 994 641 1051 Alciden
652 1015 659 1066 ;
674 1012 839 1071 puerosque
852 993 951 1069 Ledae,

355 1074 444 1132 Hunc
458 1073 548 1150 equiS,
563 1073 642 1130 illum
657 1094 789 1150 superare
802 1075 907 1151 pugnis

356 1154 507 1212 Nobilem:
528 1172 647 1228 quorum
661 1154 745 1212 simul
759 1155 823 1212 alba
836 1154 931 1213 nautis

513 1233 602 1290 Stella
615 1233 734 1306 refulsit,

355 1311 462 1370 Defluit
476 1312 551 1370 saxis
564 1313 686 1388 agitatus
700 1314 802 1370 humor
810 1332 818 1383 ;

355 1391 521 1450 Concidunt
533 1393 620 1464 venti,
635 1392 803 1467 fugiuntque
817 1391 909 1449 nubes
917 1411 925 1462 ;

356 1471 394 1529 Et
407 1472 514 1542 minax,
528 1489 595 1526 nam
609 1471 650 1528 sic
664 1470 790 1542 volubre,
803 1482 892 1547 ponto

514 1548 599 1605 Unda
613 1549 762 1606 recumbit.

354 1627 512 1686 Romulum
526 1637 589 1703 post
602 1628 654 1684 hos
667 1623 756 1703 priris,
771 1647 806 1684 an
821 1628 956 1704 quietum

356 1706 478 1782 Pompili
492 1725 612 1781 regnum
626 1725 792 1780 memorem,
806 1726 843 1764 an
857 1709 993 1784 superbos

354 1783 495 1862 Tarquini
510 1785 610 1857 fasces,
626 1786 734 1857 dubito,
748 1807 785 1844 an
801 1787 920 1845 Catonis

511 1863 617 1922 Nobile
632 1864 729 1922 letum.

353 1944 509 2020 Regulum,
524 1954 552 2002 et
566 1945 700 2017 Scauros,
714 1945 872 2022 animeque
886 1964 998 2024 magnac

309 2021 313 2028 ⁴
355 2023 509 2100 Prodigum
524 2023 655 2096 Paulum,
670 2037 821 2100 superante
835 2025 935 2101 Poeno,

353 2103 458 2161 Gratus
469 2103 574 2178 insigni
587 2103 709 2161 referam
723 2104 873 2179 Camoenb,

513 2181 743 2258 Fabriciumque.

355 2261 454 2334 Hunc,
468 2271 498 2319 et
511 2261 662 2336 incomptis
674 2262 795 2319 Curium
809 2261 928 2341 capillis,

354 2341 463 2399 Utilem
477 2341 554 2396 bello
567 2341 642 2411 tulit,
656 2351 686 2397 et
700 2340 865 2414 Camillum,

356 2421 439 2478 Saeva
451 2428 611 2496 paupertas,
626 2429 655 2475 et
669 2418 760 2475 avitus
774 2429 839 2495 apto

520 2496 594 2554 Cum
608 2497 666 2554 lare
681 2497 794 2554 fundus.

356 2577 469 2636 Crescit
482 2575 596 2634 occulto
609 2577 686 2634 velut
699 2577 781 2634 arbor
796 2595 856 2635 aevo

355 2657 445 2714 Fama
459 2655 607 2713 Marcelli:
629 2656 716 2713 micat
730 2656 803 2714 inter
816 2676 918 2716 omnes

358 2735 376 2793 J
378 2737 467 2795 ulium
481 2735 570 2807 sidus,
584 2734 661 2793 velut
674 2735 748 2792 inter
763 2736 844 2812 ignes

513 2813 597 2872 Luna
610 2814 744 2872 minores.

355 2894 457 2953 Gentis
470 2894 602 2951 humanae
616 2904 696 2970 pater
710 2905 793 2970 atque
807 2904 914 2969 custos,

355 2973 426 3031 Orte
442 2974 575 3045 Saturno,
589 2973 640 3030 tibi
654 2993 724 3031 cura
737 2975 834 3050 magni

355 3052 477 3111 Caesaris
491 3053 554 3110 fatis
569 3054 650 3123 data;
672 3063 704 3110 tu
718 3055 845 3111 secundo

512 3131 627 3189 Caesare
642 3151 754 3207 regnes.

356 3210 418 3284 llle,
433 3210 619 3298 seuAJ'arth'os
632 3211 716 3267 Latio
729 3211 912 3268 imminentes

355 3289 455 3366 Egerit
466 3281 545 3365 justo
553 3287 677 3345 'domitos
690 3288 842 3362 triumpho,

356 3370 422 3427 Sive
437 3367 580 3443 subjectos
593 3365 722 3424 Orientis
735 3385 791 3424 orae

516 3447 602 3502 Seras
615 3456 644 3503 et
657 3445 755 3519 Indos,

355 3526 402 3585 Te
416 3525 508 3583 minor
522 3525 610 3582 latum
624 3535 704 3601 reget
719 3527 815 3602 aequus
828 3526 944 3588 orbem:

356 3606 405 3663 Tu
419 3604 497 3681 gravi
511 3623 595 3662 curru
610 3605 719 3681 quaties
732 3605 904 3682 Olympum3

355 3684 405 3743 Tu
418 3681 519 3760 pariam
533 3684 618 3742 castis
632 3685 749 3743 inimica
761 3686 856 3743 mittes

515 3763 647 3823 Fulmina
661 3765 742 3823 lucis.
