<?xml version="1.0" encoding="UTF-8"?>
<!DOCTYPE html PUBLIC "-//W3C//DTD XHTML 1.0 Transitional//EN"
    "http://www.w3.org/TR/xhtml1/DTD/xhtml1-transitional.dtd">
<html xmlns="http://www.w3.org/1999/xhtml" xml:lang="en" lang="en">
 <head>
  <title>
</title>
<meta http-equiv="Content-Type" content="text/html;charset=utf-8" />
  <meta name='ocr-system' content='tesseract 3.04.00' />
  <meta name='ocr-capabilities' content='ocr_page ocr_carea ocr_par ocr_line ocrx_word'/>
</head>
<body>
  <div class='ocr_page' id='page_1' title='image "./opera03horagoog_0028.png"; bbox 0 0 2617 4442; ppageno 0'>
   <div class='ocr_carea' id='block_1_1' title="bbox 515 361 852 422">
    <p class='ocr_par' dir='ltr' id='par_1_1' title="bbox 515 361 852 422">
     <span class='ocr_line' id='line_1_1' title="bbox 515 361 852 422; baseline -0.009 -9"><span class='ocrx_word' id='word_1_1' title='bbox 515 365 546 422; x_wconf 84' lang='lat' dir='ltr'>Q.</span> <span class='ocrx_word' id='word_1_2' title='bbox 564 363 711 413; x_wconf 83' lang='lat' dir='ltr'>HORATII</span> <span class='ocrx_word' id='word_1_3' title='bbox 727 361 852 412; x_wconf 68' lang='lat' dir='ltr'>nuncet</span> 
     </span>
    </p>
   </div>
   <div class='ocr_carea' id='block_1_2' title="bbox 583 583 786 644">
    <p class='ocr_par' dir='ltr' id='par_1_2' title="bbox 583 583 786 644">
     <span class='ocr_line' id='line_1_2' title="bbox 583 583 786 644; baseline -0.01 0"><span class='ocrx_word' id='word_1_4' title='bbox 583 583 669 644; x_wconf 90' lang='lat' dir='ltr'>ODE</span> <span class='ocrx_word' id='word_1_5' title='bbox 688 583 786 642; x_wconf 86' lang='lat' dir='ltr'>XXV.</span> 
     </span>
    </p>
   </div>
   <div class='ocr_carea' id='block_1_3' title="bbox 578 720 790 762">
    <p class='ocr_par' dir='ltr' id='par_1_3' title="bbox 578 720 790 762">
     <span class='ocr_line' id='line_1_3' title="bbox 578 720 790 762; baseline 0 -2"><span class='ocrx_word' id='word_1_6' title='bbox 578 721 619 760; x_wconf 77' lang='lat' dir='ltr'>An</span> <span class='ocrx_word' id='word_1_7' title='bbox 632 720 790 762; x_wconf 73' lang='lat' dir='ltr'>VENEBEH.</span> 
     </span>
    </p>
   </div>
   <div class='ocr_carea' id='block_1_4' title="bbox 349 819 948 1449">
    <p class='ocr_par' dir='ltr' id='par_1_4' title="bbox 349 819 948 1449">
     <span class='ocr_line' id='line_1_4' title="bbox 349 819 893 897; baseline -0.011 -15"><span class='ocrx_word' id='word_1_8' title='bbox 349 823 378 882; x_wconf 92' lang='grc' dir='ltr'>Ο</span> <span class='ocrx_word' id='word_1_9' title='bbox 390 821 508 894; x_wconf 79' lang='lat' dir='ltr'>Verres,</span> <span class='ocrx_word' id='word_1_10' title='bbox 522 819 622 897; x_wconf 84' lang='lat' dir='ltr'>regina</span> <span class='ocrx_word' id='word_1_11' title='bbox 634 819 724 879; x_wconf 88' lang='lat' dir='ltr'>Gnidi</span> <span class='ocrx_word' id='word_1_12' title='bbox 737 819 893 896; x_wconf 86' lang='lat' dir='ltr'>Paphique,</span> 
     </span>
     <span class='ocr_line' id='line_1_5' title="bbox 350 897 927 978; baseline -0.007 -18"><span class='ocrx_word' id='word_1_13' title='bbox 350 903 459 978; x_wconf 81' lang='lat' dir='ltr'>Sperne</span> <span class='ocrx_word' id='word_1_14' title='bbox 473 900 606 958; x_wconf 85' lang='lat' dir='ltr'>dilectum</span> <span class='ocrx_word' id='word_1_15' title='bbox 620 898 745 976; x_wconf 82' lang='lat' dir='ltr'>Cypron,</span> <span class='ocrx_word' id='word_1_16' title='bbox 759 909 789 957; x_wconf 93' lang='lat' dir='ltr'>et</span> <span class='ocrx_word' id='word_1_17' title='bbox 800 897 927 958; x_wconf 79' lang='lat' dir='ltr'>vocantis</span> 
     </span>
     <span class='ocr_line' id='line_1_6' title="bbox 349 978 885 1054; baseline -0.006 -15"><span class='ocrx_word' id='word_1_18' title='bbox 349 981 452 1039; x_wconf 91' lang='lat' dir='ltr'>Thure</span> <span class='ocrx_word' id='word_1_19' title='bbox 466 991 494 1038; x_wconf 89' lang='lat' dir='ltr'>te</span> <span class='ocrx_word' id='word_1_20' title='bbox 508 978 597 1037; x_wconf 90' lang='lat' dir='ltr'>multo</span> <span class='ocrx_word' id='word_1_21' title='bbox 607 978 738 1054; x_wconf 77' lang='lat' dir='ltr'>Glycerae</span> <span class='ocrx_word' id='word_1_22' title='bbox 751 979 885 1036; x_wconf 86' lang='lat' dir='ltr'>decoram</span> 
     </span>
     <span class='ocr_line' id='line_1_7' title="bbox 587 1056 884 1115; baseline 0 -1"><span class='ocrx_word' id='word_1_23' title='bbox 587 1056 726 1115; x_wconf 82' lang='lat' dir='ltr'><strong>Transfer</strong></span> <span class='ocrx_word' id='word_1_24' title='bbox 740 1056 770 1115; x_wconf 92' lang='lat' dir='ltr'>in</span> <span class='ocrx_word' id='word_1_25' title='bbox 785 1057 884 1114; x_wconf 84' lang='lat' dir='ltr'>aedem.</span> 
     </span>
     <span class='ocr_line' id='line_1_8' title="bbox 350 1137 848 1212; baseline -0.004 -16"><span class='ocrx_word' id='word_1_26' title='bbox 350 1137 488 1196; x_wconf 79' lang='lat' dir='ltr'>Ferridua</span> <span class='ocrx_word' id='word_1_27' title='bbox 501 1146 598 1194; x_wconf 88' lang='lat' dir='ltr'>tecum</span> <span class='ocrx_word' id='word_1_28' title='bbox 610 1155 691 1212; x_wconf 91' lang='lat' dir='ltr'>puer,</span> <span class='ocrx_word' id='word_1_29' title='bbox 705 1147 735 1194; x_wconf 89' lang='lat' dir='ltr'>et</span> <span class='ocrx_word' id='word_1_30' title='bbox 748 1137 848 1194; x_wconf 81' lang='lat' dir='ltr'>solutis</span> 
     </span>
     <span class='ocr_line' id='line_1_9' title="bbox 349 1213 948 1292; baseline -0.005 -18"><span class='ocrx_word' id='word_1_31' title='bbox 349 1215 456 1274; x_wconf 79' lang='lat' dir='ltr'>Gratiae</span> <span class='ocrx_word' id='word_1_32' title='bbox 470 1215 561 1287; x_wconf 79' lang='lat' dir='ltr'>zonis,</span> <span class='ocrx_word' id='word_1_33' title='bbox 574 1226 781 1292; x_wconf 79' lang='lat' dir='ltr'>properentque</span> <span class='ocrx_word' id='word_1_34' title='bbox 794 1213 948 1291; x_wconf 81' lang='lat' dir='ltr'>Nymphae,</span> 
     </span>
     <span class='ocr_line' id='line_1_10' title="bbox 351 1293 883 1372; baseline 0 -20"><span class='ocrx_word' id='word_1_35' title='bbox 351 1295 389 1353; x_wconf 91' lang='lat' dir='ltr'>Et</span> <span class='ocrx_word' id='word_1_36' title='bbox 402 1313 503 1372; x_wconf 84' lang='lat' dir='ltr'>parum</span> <span class='ocrx_word' id='word_1_37' title='bbox 516 1293 606 1352; x_wconf 84' lang='lat' dir='ltr'>cornia</span> <span class='ocrx_word' id='word_1_38' title='bbox 618 1295 681 1352; x_wconf 85' lang='lat' dir='ltr'>aine</span> <span class='ocrx_word' id='word_1_39' title='bbox 694 1305 723 1352; x_wconf 85' lang='lat' dir='ltr'>te</span> <span class='ocrx_word' id='word_1_40' title='bbox 736 1294 883 1371; x_wconf 77' lang='lat' dir='ltr'>luventas,</span> 
     </span>
     <span class='ocr_line' id='line_1_11' title="bbox 586 1372 812 1449; baseline 0.004 -19"><span class='ocrx_word' id='word_1_41' title='bbox 586 1372 812 1449; x_wconf 80' lang='lat' dir='ltr'>Mercuriusque.</span> 
     </span>
    </p>
   </div>
   <div class='ocr_carea' id='block_1_5' title="bbox 569 1684 806 1859">
    <p class='ocr_par' dir='ltr' id='par_1_5' title="bbox 569 1684 806 1859">
     <span class='ocr_line' id='line_1_12' title="bbox 579 1684 798 1743; baseline 0.005 -1"><span class='ocrx_word' id='word_1_42' title='bbox 579 1684 664 1742; x_wconf 87' lang='lat' dir='ltr'>ODE</span> <span class='ocrx_word' id='word_1_43' title='bbox 684 1684 798 1743; x_wconf 86' lang='lat' dir='ltr'>XXVI.</span> 
     </span>
     <span class='ocr_line' id='line_1_13' title="bbox 569 1818 806 1859; baseline 0.004 -1"><span class='ocrx_word' id='word_1_44' title='bbox 569 1819 610 1858; x_wconf 79' lang='lat' dir='ltr'>an</span> <span class='ocrx_word' id='word_1_45' title='bbox 624 1818 806 1859; x_wconf 76' lang='lat' dir='ltr'>Aroccmru.</span> 
     </span>
    </p>
   </div>
   <div class='ocr_carea' id='block_1_6' title="bbox 352 1917 1020 3173">
    <p class='ocr_par' dir='ltr' id='par_1_6' title="bbox 352 1917 1020 3173">
     <span class='ocr_line' id='line_1_14' title="bbox 352 1917 898 1994; baseline -0.005 -14"><span class='ocrx_word' id='word_1_46' title='bbox 352 1923 438 1986; x_wconf 82' lang='lat' dir='ltr'>Qum</span> <span class='ocrx_word' id='word_1_47' title='bbox 452 1917 614 1978; x_wconf 86' lang='lat' dir='ltr'>dedicatum</span> <span class='ocrx_word' id='word_1_48' title='bbox 628 1918 721 1994; x_wconf 81' lang='lat' dir='ltr'>poscit</span> <span class='ocrx_word' id='word_1_49' title='bbox 733 1918 898 1994; x_wconf 87' lang='lat' dir='ltr'>Apollinem</span> 
     </span>
     <span class='ocr_line' id='line_1_15' title="bbox 352 1996 913 2073; baseline -0.011 -12"><span class='ocrx_word' id='word_1_50' title='bbox 352 2000 462 2061; x_wconf 86' lang='lat' dir='ltr'>Vatesl</span> <span class='ocrx_word' id='word_1_51' title='bbox 481 1996 550 2072; x_wconf 88' lang='lat' dir='ltr'>quid</span> <span class='ocrx_word' id='word_1_52' title='bbox 562 2007 633 2068; x_wconf 83' lang='lat' dir='ltr'>orat,</span> <span class='ocrx_word' id='word_1_53' title='bbox 648 1998 684 2054; x_wconf 91' lang='lat' dir='ltr'>de</span> <span class='ocrx_word' id='word_1_54' title='bbox 697 1997 913 2073; x_wconf 66' lang='lat' dir='ltr'>paterinorum</span> 
     </span>
     <span class='ocr_line' id='line_1_16' title="bbox 391 2075 930 2153; baseline -0.004 -16"><span class='ocrx_word' id='word_1_55' title='bbox 391 2077 529 2137; x_wconf 81' lang='lat' dir='ltr'>Fundenr</span> <span class='ocrx_word' id='word_1_56' title='bbox 542 2075 699 2150; x_wconf 84' lang='lat' dir='ltr'>liquoreml</span> <span class='ocrx_word' id='word_1_57' title='bbox 739 2075 807 2134; x_wconf 90' lang='lat' dir='ltr'>Non</span> <span class='ocrx_word' id='word_1_58' title='bbox 820 2076 930 2153; x_wconf 83' lang='lat' dir='ltr'>opimas</span> 
     </span>
     <span class='ocr_line' id='line_1_17' title="bbox 433 2155 829 2230; baseline -0.005 -16"><span class='ocrx_word' id='word_1_59' title='bbox 433 2155 573 2214; x_wconf 75' lang='lat' dir='ltr'>Sardinia</span> <span class='ocrx_word' id='word_1_60' title='bbox 587 2166 699 2230; x_wconf 79' lang='lat' dir='ltr'><strong>segetes</strong></span> <span class='ocrx_word' id='word_1_61' title='bbox 712 2155 829 2226; x_wconf 78' lang='lat' dir='ltr'>feracis3</span> 
     </span>
     <span class='ocr_line' id='line_1_18' title="bbox 353 2234 812 2311; baseline -0.011 -14"><span class='ocrx_word' id='word_1_62' title='bbox 353 2235 422 2297; x_wconf 90' lang='lat' dir='ltr'>Non</span> <span class='ocrx_word' id='word_1_63' title='bbox 436 2245 564 2292; x_wconf 78' lang='lat' dir='ltr'>estuosae</span> <span class='ocrx_word' id='word_1_64' title='bbox 577 2245 658 2311; x_wconf 85' lang='lat' dir='ltr'>grata</span> <span class='ocrx_word' id='word_1_65' title='bbox 672 2234 812 2292; x_wconf 76' lang='lat' dir='ltr'>Calabria</span> 
     </span>
     <span class='ocr_line' id='line_1_19' title="bbox 354 2312 1020 2386; baseline -0.006 -10"><span class='ocrx_word' id='word_1_66' title='bbox 354 2319 511 2384; x_wconf 83' lang='lat' dir='ltr'>Armenta3</span> <span class='ocrx_word' id='word_1_67' title='bbox 532 2332 593 2371; x_wconf 90' lang='lat' dir='ltr'>non</span> <span class='ocrx_word' id='word_1_68' title='bbox 607 2332 707 2371; x_wconf 91' lang='lat' dir='ltr'>aurum</span> <span class='ocrx_word' id='word_1_69' title='bbox 722 2323 771 2372; x_wconf 91' lang='lat' dir='ltr'>aut</span> <span class='ocrx_word' id='word_1_70' title='bbox 783 2314 854 2372; x_wconf 91' lang='lat' dir='ltr'>ebur</span> <span class='ocrx_word' id='word_1_71' title='bbox 867 2312 1001 2373; x_wconf 90' lang='lat' dir='ltr'>Indicum</span> <span class='ocrx_word' id='word_1_72' title='bbox 1012 2331 1020 2386; x_wconf 72' lang='lat'><em>3</em></span> 
     </span>
     <span class='ocr_line' id='line_1_20' title="bbox 393 2392 845 2469; baseline -0.002 -17"><span class='ocrx_word' id='word_1_73' title='bbox 393 2393 461 2453; x_wconf 92' lang='lat' dir='ltr'>Non</span> <span class='ocrx_word' id='word_1_74' title='bbox 474 2412 541 2451; x_wconf 90' lang='lat' dir='ltr'>rura</span> <span class='ocrx_word' id='word_1_75' title='bbox 553 2411 615 2469; x_wconf 85' lang='lat' dir='ltr'>quae</span> <span class='ocrx_word' id='word_1_76' title='bbox 628 2392 704 2451; x_wconf 84' lang='lat' dir='ltr'>Liria</span> <span class='ocrx_word' id='word_1_77' title='bbox 717 2393 813 2469; x_wconf 64' lang='lat' dir='ltr'>quieti</span> <span class='ocrx_word' id='word_1_78' title='bbox 841 2415 845 2422; x_wconf 61' lang='lat'>¹</span> 
     </span>
     <span class='ocr_line' id='line_1_21' title="bbox 435 2471 935 2545; baseline 0.004 -16"><span class='ocrx_word' id='word_1_79' title='bbox 435 2471 549 2529; x_wconf 89' lang='lat' dir='ltr'>Mordet</span> <span class='ocrx_word' id='word_1_80' title='bbox 562 2472 645 2545; x_wconf 68' lang='lat' dir='ltr'>aque,</span> <span class='ocrx_word' id='word_1_81' title='bbox 661 2472 820 2529; x_wconf 76' lang='lat' dir='ltr'>taciturnus</span> <span class='ocrx_word' id='word_1_82' title='bbox 833 2472 935 2531; x_wconf 82' lang='lat' dir='ltr'>amnis.</span> 
     </span>
     <span class='ocr_line' id='line_1_22' title="bbox 354 2548 920 2624; baseline -0.005 -14"><span class='ocrx_word' id='word_1_83' title='bbox 354 2553 490 2610; x_wconf 91' lang='lat' dir='ltr'>Premant</span> <span class='ocrx_word' id='word_1_84' title='bbox 503 2548 613 2605; x_wconf 70' lang='lat' dir='ltr'>Caleni</span> <span class='ocrx_word' id='word_1_85' title='bbox 627 2548 710 2620; x_wconf 85' lang='lat' dir='ltr'>falce,</span> <span class='ocrx_word' id='word_1_86' title='bbox 724 2550 827 2624; x_wconf 79' lang='lat' dir='ltr'>quibus</span> <span class='ocrx_word' id='word_1_87' title='bbox 840 2550 920 2607; x_wconf 84' lang='lat' dir='ltr'>dedit</span> 
     </span>
     <span class='ocr_line' id='line_1_23' title="bbox 354 2626 851 2699; baseline -0.01 -10"><span class='ocrx_word' id='word_1_88' title='bbox 354 2630 491 2699; x_wconf 83' lang='lat' dir='ltr'>Fortuna,</span> <span class='ocrx_word' id='word_1_89' title='bbox 506 2626 608 2684; x_wconf 88' lang='lat' dir='ltr'>vitem:</span> <span class='ocrx_word' id='word_1_90' title='bbox 623 2627 702 2684; x_wconf 79' lang='lat' dir='ltr'>dives</span> <span class='ocrx_word' id='word_1_91' title='bbox 715 2637 745 2684; x_wconf 90' lang='lat' dir='ltr'>et</span> <span class='ocrx_word' id='word_1_92' title='bbox 758 2627 851 2684; x_wconf 84' lang='lat' dir='ltr'>aureis</span> 
     </span>
     <span class='ocr_line' id='line_1_24' title="bbox 396 2705 805 2766; baseline -0.007 -1"><span class='ocrx_word' id='word_1_93' title='bbox 396 2707 540 2766; x_wconf 77' lang='lat' dir='ltr'>Mercator</span> <span class='ocrx_word' id='word_1_94' title='bbox 553 2705 679 2763; x_wconf 85' lang='lat' dir='ltr'>exsiccet</span> <span class='ocrx_word' id='word_1_95' title='bbox 692 2705 805 2764; x_wconf 86' lang='lat' dir='ltr'>culullis</span> 
     </span>
     <span class='ocr_line' id='line_1_25' title="bbox 433 2783 856 2860; baseline -0.007 -16"><span class='ocrx_word' id='word_1_96' title='bbox 433 2783 510 2844; x_wconf 87' lang='lat' dir='ltr'>Vina</span> <span class='ocrx_word' id='word_1_97' title='bbox 523 2785 596 2860; x_wconf 74' lang='lat' dir='ltr'>Syrti</span> <span class='ocrx_word' id='word_1_98' title='bbox 609 2794 739 2860; x_wconf 89' lang='lat' dir='ltr'>reparata</span> <span class='ocrx_word' id='word_1_99' title='bbox 751 2803 856 2856; x_wconf 90' lang='lat' dir='ltr'>merce,</span> 
     </span>
     <span class='ocr_line' id='line_1_26' title="bbox 354 2864 939 2941; baseline -0.01 -15"><span class='ocrx_word' id='word_1_100' title='bbox 354 2865 410 2926; x_wconf 81' lang='lat' dir='ltr'>Die</span> <span class='ocrx_word' id='word_1_101' title='bbox 423 2883 506 2923; x_wconf 81' lang='lat' dir='ltr'>cerua</span> <span class='ocrx_word' id='word_1_102' title='bbox 520 2864 604 2941; x_wconf 82' lang='lat' dir='ltr'>ipris3</span> <span class='ocrx_word' id='word_1_103' title='bbox 624 2864 729 2940; x_wconf 89' lang='lat' dir='ltr'>quippe</span> <span class='ocrx_word' id='word_1_104' title='bbox 742 2875 786 2921; x_wconf 90' lang='lat' dir='ltr'>ter</span> <span class='ocrx_word' id='word_1_105' title='bbox 798 2873 828 2921; x_wconf 91' lang='lat' dir='ltr'>et</span> <span class='ocrx_word' id='word_1_106' title='bbox 839 2872 939 2938; x_wconf 90' lang='lat' dir='ltr'>quater</span> 
     </span>
     <span class='ocr_line' id='line_1_27' title="bbox 355 2942 884 3017; baseline -0.013 -12"><span class='ocrx_word' id='word_1_107' title='bbox 355 2948 445 3005; x_wconf 88' lang='lat' dir='ltr'>Anno</span> <span class='ocrx_word' id='word_1_108' title='bbox 457 2944 583 3001; x_wconf 85' lang='lat' dir='ltr'>revisens</span> <span class='ocrx_word' id='word_1_109' title='bbox 598 2961 692 3017; x_wconf 78' lang='lat' dir='ltr'>equor</span> <span class='ocrx_word' id='word_1_110' title='bbox 705 2942 884 2999; x_wconf 82' lang='lat' dir='ltr'>Atlanticum</span> 
     </span>
     <span class='ocr_line' id='line_1_28' title="bbox 395 3020 862 3099; baseline -0.011 -17"><span class='ocrx_word' id='word_1_111' title='bbox 395 3020 528 3099; x_wconf 75' lang='lat' dir='ltr'>Impune.</span> <span class='ocrx_word' id='word_1_112' title='bbox 570 3020 620 3078; x_wconf 91' lang='lat' dir='ltr'>Me</span> <span class='ocrx_word' id='word_1_113' title='bbox 633 3029 752 3096; x_wconf 73' lang='lat' dir='ltr'>pascant</span> <span class='ocrx_word' id='word_1_114' title='bbox 770 3021 862 3093; x_wconf 80' lang='lat' dir='ltr'>olivae,</span> 
     </span>
     <span class='ocr_line' id='line_1_29' title="bbox 434 3098 906 3173; baseline -0.015 -10"><span class='ocrx_word' id='word_1_115' title='bbox 434 3104 485 3163; x_wconf 85' lang='lat' dir='ltr'>Me</span> <span class='ocrx_word' id='word_1_116' title='bbox 499 3101 640 3170; x_wconf 77' lang='lat' dir='ltr'>cichorea,</span> <span class='ocrx_word' id='word_1_117' title='bbox 654 3098 786 3173; x_wconf 82' lang='lat' dir='ltr'>levesque</span> <span class='ocrx_word' id='word_1_118' title='bbox 801 3099 906 3158; x_wconf 73' lang='lat' dir='ltr'>rualem</span> 
     </span>
    </p>
   </div>
   <div class='ocr_carea' id='block_1_7' title="bbox 357 3178 957 3497">
    <p class='ocr_par' dir='ltr' id='par_1_7' title="bbox 357 3178 957 3497">
     <span class='ocr_line' id='line_1_30' title="bbox 357 3178 787 3260; baseline -0.009 -19"><span class='ocrx_word' id='word_1_119' title='bbox 357 3181 427 3241; x_wconf 83' lang='lat' dir='ltr'>Frui</span> <span class='ocrx_word' id='word_1_120' title='bbox 440 3179 544 3260; x_wconf 79' lang='lat' dir='ltr'>paratis</span> <span class='ocrx_word' id='word_1_121' title='bbox 557 3189 586 3236; x_wconf 92' lang='lat' dir='ltr'>et</span> <span class='ocrx_word' id='word_1_122' title='bbox 599 3178 692 3235; x_wconf 87' lang='lat' dir='ltr'>valido</span> <span class='ocrx_word' id='word_1_123' title='bbox 705 3180 787 3249; x_wconf 87' lang='lat' dir='ltr'>mihi,</span> 
     </span>
     <span class='ocr_line' id='line_1_31' title="bbox 357 3259 872 3336; baseline -0.014 -13"><span class='ocrx_word' id='word_1_124' title='bbox 357 3261 459 3336; x_wconf 73' lang='lat' dir='ltr'>Lace,</span> <span class='ocrx_word' id='word_1_125' title='bbox 473 3261 572 3331; x_wconf 84' lang='lat' dir='ltr'>donee,</span> <span class='ocrx_word' id='word_1_126' title='bbox 586 3267 624 3330; x_wconf 89' lang='lat' dir='ltr'>et,</span> <span class='ocrx_word' id='word_1_127' title='bbox 635 3275 745 3333; x_wconf 84' lang='lat' dir='ltr'>precor,</span> <span class='ocrx_word' id='word_1_128' title='bbox 759 3259 872 3334; x_wconf 69' lang='lat' dir='ltr'>integre</span> 
     </span>
     <span class='ocr_line' id='line_1_32' title="bbox 396 3341 957 3414; baseline -0.007 -14"><span class='ocrx_word' id='word_1_129' title='bbox 396 3341 473 3401; x_wconf 82' lang='lat' dir='ltr'>Cum</span> <span class='ocrx_word' id='word_1_130' title='bbox 486 3350 598 3407; x_wconf 89' lang='lat' dir='ltr'>mente;</span> <span class='ocrx_word' id='word_1_131' title='bbox 617 3356 673 3395; x_wconf 91' lang='lat' dir='ltr'>nec</span> <span class='ocrx_word' id='word_1_132' title='bbox 686 3348 797 3414; x_wconf 86' lang='lat' dir='ltr'>turpem</span> <span class='ocrx_word' id='word_1_133' title='bbox 812 3346 957 3396; x_wconf 79' lang='lat' dir='ltr'>senectam</span> 
     </span>
     <span class='ocr_line' id='line_1_33' title="bbox 435 3414 920 3497; baseline -0.01 -19"><span class='ocrx_word' id='word_1_134' title='bbox 435 3419 558 3497; x_wconf 83' lang='lat' dir='ltr'>Degere,</span> <span class='ocrx_word' id='word_1_135' title='bbox 572 3435 627 3475; x_wconf 91' lang='lat' dir='ltr'>nec</span> <span class='ocrx_word' id='word_1_136' title='bbox 640 3417 752 3474; x_wconf 74' lang='lat' dir='ltr'>cithari</span> <span class='ocrx_word' id='word_1_137' title='bbox 766 3414 920 3474; x_wconf 84' lang='lat' dir='ltr'>carentem.</span> 
     </span>
    </p>
   </div>
   <div class='ocr_carea' id='block_1_8' title="bbox 0 0 1328 4442">
    <p class='ocr_par' dir='ltr' id='par_1_8' title="bbox 0 0 1328 4442">
     <span class='ocr_line' id='line_1_34' title="bbox 0 0 1328 4442; baseline 0 0"><span class='ocrx_word' id='word_1_138' title='bbox 0 0 1328 4442; x_wconf 95' lang='lat' dir='ltr'> </span> 
     </span>
    </p>
   </div>
  </div>
 </body>
</html>
