2617 4442
444 285 475 341 Q·
492 284 639 334 HORATII
657 284 782 334 FLACCI

273 424 484 503 Thessalosque
498 427 580 504 ignes
594 439 624 486 et
637 427 735 504 iniqua
748 425 845 505 Trojas

432 507 533 565 Castra
547 507 655 565 fefellit.

273 584 322 643 Tu
335 585 397 664 pias
410 584 482 643 laetis
497 587 606 644 animas
619 584 735 663 reponis

274 665 407 738 Sedibus,
422 665 556 741 virgaque
569 666 661 723 levem
676 669 795 723 coerces

272 743 372 802 Aurei
385 745 507 818 turbam,
522 746 632 822 superis
646 746 766 804 deorum

429 824 535 884 Gratus
548 836 577 884 et
591 825 664 884 imis.

535 1137 673 1197 onnx.
742 1157 745 1162 ·
817 1120 820 1126 ’

485 1279 520 1316 ω)
541 1259 733 1317 nnuconoiin.

192 1376 293 1437 Tune
307 1377 462 1452 quaesieris,
477 1379 550 1437 scire
564 1379 653 1444 nefas,
668 1397 752 1455 quem
766 1379 847 1452 mibi,
861 1397 945 1455 quem
959 1377 1011 1436 tibi

191 1456 295 1515 Finem
309 1456 339 1514 di
353 1459 493 1532 dederint,
508 1459 681 1528 Lemonum
702 1478 758 1524 nec
772 1458 944 1534 Babylonios

192 1535 329 1594 Tentdris
343 1557 485 1596 numeros
526 1537 564 1596 Ut
578 1536 691 1610 melius,
705 1539 841 1614 quidquid
855 1538 918 1612 erit,
932 1537 1005 1614 patil

192 1616 252 1672 Seu
265 1617 361 1692 plures
375 1618 494 1689 hiemes,
508 1637 559 1674 seu
573 1618 671 1676 tribuit
684 1616 797 1693 Jupiter
811 1618 950 1690 ultimam,

190 1693 268 1755 Quae
282 1715 361 1753 nunc
374 1697 510 1772 oppositis
524 1696 653 1754 debilitat
663 1698 824 1771 pumicibus
838 1716 916 1753 mare
1083 1697 1103 1754 5

192 1772 384 1848 Tyrrhenum.
412 1823 415 1832 r
428 1776 537 1849 Sepias,
552 1776 617 1831 vina
630 1775 731 1849 liques,
746 1786 775 1832 et
788 1775 879 1850 spatio
893 1774 970 1831 brevi

192 1853 279 1928 Spem
294 1853 408 1928 longam
423 1872 543 1910 reseces.
585 1853 664 1910 Dum
678 1853 828 1927 loquimur,
844 1853 947 1928 sugerit
962 1852 1059 1910 invida

191 1931 282 1990 AEtus.
324 1931 418 2008 Carpe
433 1932 518 2005 diem,
533 1930 618 2008 qualm
632 1928 785 1990 minimum
799 1933 915 1990 credula
927 1943 1048 2009 postero.

446 2263 504 2302 ιιι
525 2246 610 2305 ODE
630 2246 758 2306 XI..-

494 2385 532 2424 Al:
548 2385 720 2426 AUGUSTUM.

266 2485 364 2550 Quam
379 2487 468 2569 vipum
483 2486 631 2568 autlrerua
644 2486 652 2541 l
688 2486 706 2542 a
720 2486 837 2560 uelacri

267 2566 356 2623 'libid
370 2565 458 2622 sumis
472 2561 624 2634 celebrare,
640 2563 665 2620 C
678 2565 727 2620 iol

266 2645 365 2707 Quem
376 2646 475 2715 deum,
489 2642 572 2718 cujus
587 2642 696 2699 recinet
706 2641 805 2718 jocosa

424 2721 561 2779 Nomen'
595 2724 705 2795 agust·

267 2803 329 2862 Aut
342 2802 372 2859 in
386 2802 526 2858 umbrosis
572 2800 691 2857 eliconis
705 2800 771 2872 oris,

267 2883 328 2940 Aut
342 2900 425 2956 super
439 2880 541 2952 Pindo,
556 2879 685 2956 gelidove
700 2879 729 2937 in
744 2879 858 2954 Haemo,

266 2961 352 3020 Unde
365 2960 491 3018 vocalem
506 2957 613 3017 temere
627 2959 765 3016 insecutae

424 3040 541 3115 Orphea
555 3039 642 3110 sdvae,

266 3120 338 3179 Arte
352 3119 481 3176 maternis
494 3119 606 3194 rapidos
620 3128 777 3175 morantem

267 3199 432 3257 Fluminum
447 3199 551 3275 lapsus,
567 3197 730 3272 celeresque
741 3208 851 3272 ventos,

267 3279 409 3338 Blandum
423 3289 452 3335 et
466 3279 570 3335 auritas
584 3277 688 3334 fidibus
701 3278 814 3336 canoris

426 3358 541 3429 Ducere
555 3358 714 3433 quercusl,

267 3437 349 3500 Quid
362 3434 441 3514 prius
455 3437 652 3495 dicamsolitis
667 3436 797 3494 Parentis

268 3517 424 3589 Laudibus,
435 3518 483 3592 qui
497 3535 542 3572 res
556 3515 704 3572 hominurn
718 3517 895 3588 acdeorum,
989 3555 992 3562 -

267 3597 330 3659 Qui
344 3615 422 3654 mare
437 3607 583 3666 aetenae,
597 3595 737 3669 variisque
751 3596 891 3653 mundum
1067 3594 1104 3652 15

426 3674 582 3750 Temperat
597 3674 692 3731 horisl

269 3753 353 3812 Unde
367 3753 406 3811 nil
422 3753 512 3830 majus
532 3764 685 3829 generatur
699 3753 769 3828 ipso,

270 3834 335 3893 Nec
349 3835 424 3910 viget
437 3834 591 3910 quidquam
606 3831 698 3890 similo
712 3843 761 3890 aut
775 3833 951 3892 secundum.
