2617 4442
548 297 581 354 Q.
599 296 747 347 nondun
763 295 889 387 Fanct

560 516 766 578 EPISTOLA
786 517 873 578 XIX.

586 657 627 697 AD
641 657 851 698 MECENATEH.

263 760 374 817 Pnrsco
387 756 411 816 si
425 758 529 830 credis,
544 756 691 817 Maecenas
705 758 798 829 docte,
813 756 941 826 Cratino,

262 837 351 896 Nulla
363 837 476 914 placere
491 838 540 895 diu
554 857 609 895 nec
623 838 717 897 vivere
730 835 858 893 carmina
870 846 998 912 possunt,

260 916 338 977 Qun
352 918 514 975 scribuntur
528 935 608 991 aquae
620 915 781 992 potoribus:
802 921 835 972 u't
847 913 922 971 male
936 934 1022 973 sanos

261 995 424 1072 Adscripsit
437 996 524 1053 Liber
539 994 647 1071 Satyris
661 994 825 1069 Faunisque
838 998 948 1069 poetas,

261 1074 339 1131 Vina
353 1072 411 1131 ferd
426 1075 526 1131 dulces
538 1074 672 1131 oluerunt
685 1070 770 1130 mane
785 1072 940 1150 Camrenae.

260 1151 408 1209 Laudibus
422 1151 548 1228 arguitur
561 1152 620 1209 vini
634 1152 749 1209 vinosus
762 1151 924 1209 Homerus:

260 1230 373 1288 Ennius
386 1231 446 1306 ipse
459 1242 538 1307 pater
551 1249 709 1305 nunquam,
724 1230 779 1287 nisi
792 1241 885 1305 potus,
900 1231 936 1287 ad
950 1249 1029 1288 arma

260 1308 395 1367 Prosiluit
408 1310 539 1367 dicenda.
581 1309 716 1367 “Forum
729 1308 880 1385 putealque
894 1308 1013 1367 Libonis

260 1385 406 1447 Mandabo
420 1388 515 1461 siccis,
530 1388 653 1446 adimam
667 1398 784 1445 cantare
798 1386 930 1444 severis.''

300 1466 366 1525 Hoc
380 1468 464 1525 simul
478 1468 576 1540 edixit,
591 1486 649 1525 non
664 1464 813 1524 cessavere
826 1469 920 1541 poetae

260 1545 411 1605 Nocturno
424 1557 533 1605 certare
547 1566 634 1618 mero,
649 1555 748 1622 putere
763 1544 873 1602 diurno.

259 1624 351 1699 Quid,
366 1626 391 1683 si
404 1626 468 1703 quis
481 1625 559 1683 vultu
573 1637 652 1683 torvo
665 1625 743 1683 ferus
756 1635 785 1681 et
797 1625 871 1699 pede
884 1625 963 1681 nudo

260 1702 436 1780 Exiguaeque
444 1716 517 1781 togae
530 1704 645 1762 simulet
658 1714 766 1761 textore
781 1702 932 1774 Catonem,

260 1783 441 1842 virtutemne
455 1793 638 1860 repraesentet
651 1801 799 1857 moresque
813 1781 954 1839 Catonisl

259 1861 352 1937 Rupit
364 1861 500 1919 Iarbitam
513 1862 684 1937 Timagenis
699 1861 802 1918 aemula
814 1860 923 1936 lingua,

259 1939 337 1998 Dum
350 1941 445 1999 studet
458 1941 593 2011 urbanus,
608 1941 755 2016 tenditque
769 1940 890 1997 disertus
904 1940 1011 1999 haberi.

258 2019 375 2097 Decipit
388 2020 531 2096 exemplar
545 2019 619 2077 vitiis
633 2019 786 2077 imitabile:
808 2015 885 2094 qudd
899 2018 924 2077 si

199 2152 203 2159 .
259 2098 400 2157 Pallerem
414 2117 493 2173 casu,
507 2099 637 2156 biberent
649 2117 795 2174 exsangue
809 2098 966 2155 cuminum.

258 2179 287 2236 Ο
301 2178 464 2251 imitatores,
476 2198 586 2237 servum
600 2196 699 2254 pecus,
714 2188 745 2236 ut
758 2177 828 2234 mihi
842 2174 918 2253 saepe

257 2258 360 2330 Bilem,
375 2254 450 2335 saepti
462 2257 569 2335 jocum,
582 2258 668 2315 vestri
683 2255 797 2315 movere
810 2256 965 2313 tumultus!

296 2337 401 2396 Libera
415 2356 465 2414 per
479 2357 599 2396 vacuum
613 2337 696 2413 posui
709 2336 828 2411 vestigia
840 2335 989 2411 princeps;

257 2417 326 2477 Non
341 2417 434 2476 aliena
447 2436 512 2475 meo
524 2416 612 2494 pressi
627 2417 709 2492 pede.
749 2414 812 2477 Qui
825 2414 879 2472 sibi
893 2414 964 2487 fidit,

257 2496 326 2555 Dux
338 2496 411 2573 regit
424 2516 553 2555 examen.
593 2496 692 2553 Parios
705 2513 760 2571 ego
772 2494 880 2571 primus
893 2493 1002 2552 iambos

256 2576 380 2633 Ostendi
393 2575 486 2647 Latio,
500 2593 634 2633 numeros
648 2574 813 2649 animosque
827 2584 963 2648 sequutus

256 2653 435 2725 Archilochi,
450 2672 507 2710 non
523 2672 569 2711 res
584 2663 613 2710 et
627 2653 741 2729 agentia
755 2653 840 2709 verba
853 2651 1026 2726 Lycamben.

257 2734 313 2805 Ao,
328 2751 425 2790 neme
441 2730 515 2790 soliis
529 2732 594 2790 ideo
608 2732 783 2789 brevioribus
795 2750 881 2789 ornes

256 2808 347 2873 Quod
361 2810 443 2869 timui
458 2820 568 2868 mutare
581 2811 681 2868 modos
695 2821 724 2868 et
737 2809 873 2868 carminis
887 2820 986 2882 artem,

256 2889 413 2966 Temperat
426 2889 592 2949 Archilochi
607 2889 722 2947 Musam
736 2890 809 2965 pede
823 2888 949 2945 mascula
963 2888 1092 2965 Sappho,

257 2966 414 3045 Temperat
427 2968 561 3027 Alcaeus:
583 2969 633 3025 sed
647 2969 732 3025 rebus
746 2978 775 3026 et
787 2968 888 3025 ordine
902 2968 1014 3043 dispar3

257 3045 321 3105 Nec
335 3066 465 3106 socerum
479 3047 588 3123 quaerit,
602 3066 686 3122 quem
700 3046 828 3104 versibus
840 3046 949 3104 oblinat
955 3047 1050 3117 ,atris3

257 3125 322 3185 Nec
336 3147 445 3203 sponsae
459 3128 591 3202 laqueum
606 3126 712 3184 famoso
726 3126 853 3183 carmine
867 3125 966 3183 nectit,
1005 3120 1010 3128 '

257 3206 347 3263 Hunc
360 3226 424 3283 ego,
438 3227 496 3265 non
511 3207 567 3265 alio
581 3206 691 3264 dictum
705 3204 784 3282 priirs
797 3223 856 3275 ore,
871 3203 982 3261 Latinis

256 3285 380 3363 Vulgavi
393 3286 514 3345 fidicen:
533 3286 613 3363 juvat
626 3286 821 3343 immemorata
834 3282 973 3340 ferentem

257 3364 396 3440 Ingenuis
409 3366 556 3441 oculisque
570 3364 637 3440 legi,
647 3364 834 3438 manibusque
848 3362 949 3419 teneri.

298 3444 379 3501 Scire
393 3443 463 3501 velis
476 3463 540 3501 mea
554 3463 605 3500 cur
618 3444 746 3519 ingratus
758 3442 897 3518 opuscula
910 3442 999 3498 lector

257 3520 370 3581 Laudet
383 3531 513 3597 ametque
528 3521 614 3593 domi,
628 3530 738 3597 premat
750 3533 831 3578 extra
844 3519 932 3577 limen
946 3518 1081 3595 iniquus?

257 3598 327 3657 Non
340 3619 395 3675 ego
408 3610 531 3657 ventosae
544 3599 635 3675 plebis
649 3599 784 3676 suffragia
797 3618 884 3658 venor

258 3678 400 3755 Impensis
413 3696 558 3735 coenarum
572 3689 601 3735 et
614 3678 686 3737 tritae
700 3698 819 3736 munere
833 3677 932 3745 vestis:

258 3755 327 3815 Non
341 3776 404 3834 ego,
418 3757 557 3815 nobilium
570 3758 739 3834 scriptorum
753 3758 864 3816 auditor
878 3767 907 3815 et
921 3756 1005 3827 ultor,

259 3835 467 3895 Grammaticus
481 3836 588 3894 ambire
601 3836 693 3895 tribus
706 3848 736 3895 et
748 3837 857 3918 pulpita
870 3836 987 3913 dignor:
