2617 4442
513 335 719 386 SATIRARUM
735 337 802 385 LlB.
820 338 856 385 ll.
874 340 898 385 8.

249 474 389 536 Haeredes
403 478 490 537 voluit
498 480 527 536 l”
563 478 700 543 “Quoad
714 479 791 553 vixit,
805 480 928 538 credidit
941 480 1044 558 ingens

249 556 419 633 Pauperiem
434 559 543 632 vitium,
556 571 585 618 et
598 560 673 617 cavit
685 559 758 616 nihil
771 556 866 618 acribs
874 580 881 629 ;
904 570 945 633 ut,
959 561 983 618 si

248 634 336 693 Forte
350 634 448 695 minus
460 638 586 714 locuples
599 657 658 697 uno
671 639 827 714 quadrante
840 637 969 714 perisset,

249 713 315 789 Ipse
330 715 471 774 videretur
485 718 538 775 sibi
552 718 689 794 nequior:
711 718 804 775 omnis
817 718 893 775 enim
907 738 962 791 res,

249 793 357 868 virtue,
370 795 454 868 lama,
469 797 566 869 decus,
582 797 679 854 divina
691 798 881 872 humanaque,
895 796 1021 873 pulchris
1160 799 1199 856 95

248 871 364 931 Divitiis
377 886 493 950 pareut;
514 895 584 951 quas
597 876 646 952 qui
661 876 842 948 contraxerit,
857 876 904 933 ille

247 952 351 1010 Clarus
361 954 424 1025 erit,
434 955 522 1027 fortis,
531 955 651 1031 justus.''
695 954 919 1030 “Sapiensnel’'
941 954 1077 1027 “Etiam;
1098 966 1128 1013 et
1137 974 1198 1030 rex,

248 1030 287 1089 Et
300 1032 436 1108 quidquid
451 1034 533 1092 volet.
568 1033 645 1107 Hoc,
659 1033 746 1092 veluti
760 1034 862 1091 virtute
875 1044 1014 1110 paratum,

249 1111 379 1185 Speravit
392 1132 504 1188 magnae
517 1114 595 1171 laudi
610 1114 677 1172 fore.
712 1112 794 1174 Quid
805 1113 897 1170 simile
911 1112 958 1170 isti

248 1190 366 1247 Graeeus
380 1192 552 1269 Aristippus,
567 1193 615 1269 qui
629 1212 725 1251 servos
737 1192 875 1269 projicere
889 1210 991 1249 aurum
1142 1194 1198 1251 100

248 1267 284 1326 ln
298 1270 393 1328 medii
403 1270 487 1347 jussit
500 1271 601 1348 Libya,
616 1273 683 1348 quia
695 1268 804 1330 tardius
817 1272 892 1329 irent

248 1347 364 1424 Propter
378 1370 451 1408 onus
464 1353 586 1427 seguesl
608 1363 670 1410 uter
684 1362 728 1410 est
741 1350 866 1409 insanior
879 1350 1008 1408 horuml'

249 1428 325 1486 “Nil
339 1429 398 1505 agit
411 1430 572 1507 exemplum
586 1431 665 1489 litem
679 1432 754 1507 quod
767 1430 817 1487 lite
827 1430 966 1488 resolvit.’'

248 1512 266 1538 ‘⁸
280 1509 311 1566 Si
324 1510 387 1584 quis
400 1520 477 1567 emat
490 1509 623 1583 citharas,
638 1520 747 1587 emptas
760 1520 918 1585 comportet
927 1509 958 1566 in
979 1528 1078 1579 nuum,
1115 1580 1118 1585 Ι

248 1585 314 1645 Nec
328 1588 422 1646 studio
434 1589 560 1662 citharae,
572 1608 628 1646 nec
641 1587 736 1645 Musae
750 1588 863 1645 deditus
874 1588 939 1657 ulli3
1141 1588 1197 1645 105

249 1666 281 1723 Si
294 1667 404 1743 scalpra
417 1679 446 1725 et
460 1668 573 1740 formas,
587 1688 645 1727 nou
661 1679 752 1739 sutor;
773 1668 890 1725 nautica
901 1666 971 1740 vela,

248 1746 374 1803 Aversus
387 1748 571 1818 mercaturis;
593 1748 701 1806 delirus
714 1759 743 1805 et
756 1766 856 1803 amens

247 1824 380 1901 Undique
394 1827 504 1884 dicatur
518 1825 628 1885 meritd.
660 1825 722 1888 Qut
737 1826 879 1901 discrepat
891 1824 963 1898 istis,

247 1904 309 1966 Qui
322 1924 453 1964 nummos
468 1926 622 1983 aurumque
636 1906 776 1979 recondit,
790 1905 906 1963 nescius
918 1905 960 1962 uti

247 1984 429 2060 Compositis,
443 1996 629 2062 metuensque
643 1986 719 2043 velut
730 1984 896 2061 contingere
910 1984 1045 2041 sacruml
1140 1984 1196 2041 110

248 2063 280 2120 Si
294 2065 358 2139 quis
379 2066 414 2121 ad
430 2064 576 2141 ingentem
591 2065 726 2123 frumenti
740 2084 851 2140 semper
865 2082 999 2121 acervum

247 2143 398 2201 Porrectus
410 2144 506 2221 vigilet
516 2164 583 2203 cum
596 2146 684 2221 longo
698 2145 788 2218 sustc3
809 2162 904 2219 neque
916 2143 998 2202 illinc

245 2222 362 2281 Audeat
372 2224 500 2282 esuriens
514 2224 647 2282 dominus
661 2224 827 2300 contingere
841 2241 972 2299 granum,
992 2279 995 2283 .

246 2301 293 2363 Ac
305 2300 401 2378 potius
415 2303 489 2361 toliis
499 2323 603 2379 parcus
616 2313 746 2360 vescatur
759 2303 879 2371 amaris3

247 2381 288 2453 si,
302 2382 401 2457 positis
414 2382 492 2439 intus
506 2381 573 2440 Chii
587 2381 744 2457 veterisque
758 2380 873 2438 Falerni
1140 2380 1195 2436 115

246 2457 327 2518 Mille
341 2460 423 2519 cadis
437 2504 461 2518 ..
475 2506 481 2518 .
496 2461 567 2519 nihil
581 2472 642 2519 est.
656 2503 681 2519 ..
696 2471 855 2518 tercentum
868 2457 1005 2529 millibus,
1019 2475 1085 2515 acre

246 2537 328 2598 Potet
341 2551 472 2611 acetum;
494 2560 557 2617 age,
569 2541 594 2599 si
607 2551 636 2598 et
649 2539 812 2598 stramentis
826 2539 953 2613 incubet,
967 2537 1056 2594 unde-

244 2620 390 2695 octoginta
403 2639 493 2679 annos
507 2631 600 2694 natus,
614 2620 663 2678 cui
676 2620 801 2695 stragula
814 2618 909 2691 vestis,

245 2697 402 2757 Blattarum
418 2718 452 2757 ac
466 2701 607 2758 tinearum
621 2700 722 2776 epulae,
737 2708 882 2776 putrescat
895 2698 926 2755 in
940 2695 1024 2755 urci:

244 2776 390 2836 Nimirum
404 2780 521 2837 insanus
533 2780 632 2855 paucis
647 2779 784 2851 videatur,
798 2777 833 2836 ed
848 2774 925 2853 qudd
1139 2773 1195 2831 120

245 2854 373 2916 Maxima
385 2878 450 2935 pars
463 2860 610 2918 homiuum
625 2858 726 2916 morbo
736 2858 859 2934 jactatur
872 2857 982 2915 ecdem.

245 2934 336 2995 Filius
350 2948 399 2995 aut
412 2939 497 2997 etiam
510 2940 573 2996 haec
586 2938 705 2996 libertus
718 2948 750 2995 ut
762 2938 859 2995 ebibat
872 2936 972 3009 haercs,

244 3014 299 3073 Dis
312 3017 428 3074 inimice
443 3038 531 3075 senex
544 3018 691 3076 custodisl
711 3036 749 3074 ne
762 3017 814 3074 tibi
828 3016 922 3073 desit'l

243 3094 424 3156 Quantulum
438 3097 516 3157 enim
529 3116 647 3155 summae
662 3096 784 3154 curtabit
797 3096 915 3171 quisquc
929 3093 1050 3165 dierum,

243 3174 359 3251 Ungere
373 3176 397 3233 si
411 3176 508 3233 caules
520 3177 584 3234 oleo
597 3175 724 3246 meliore,
738 3185 880 3249 caputque
1138 3170 1194 3227 125

244 3254 374 3330 Coeperis
387 3254 501 3332 impexi
515 3255 623 3313 loedum
636 3253 800 3329 porrigine?
832 3252 944 3321 Quare,
994 3289 998 3294 ,

244 3334 275 3401 si
289 3334 399 3409 quidvis
413 3332 482 3392 satis
495 3345 547 3407 est,
561 3331 699 3410 perjuras,
713 3329 840 3408 surripis,
855 3329 948 3388 aufers

243 3412 394 3489 Undiquel
414 3416 475 3472 tun'
490 3414 596 3471 sanuel
630 3412 772 3489 Populum
786 3411 810 3468 si
824 3410 934 3469 cedere
948 3407 1023 3466 saxis

242 3490 379 3569 Incipias,
393 3510 543 3568 servosque
556 3503 605 3550 tuo
618 3510 689 3568 quos
702 3510 758 3548 aere
771 3490 888 3568 partiris,

243 3570 381 3630 Insanum
392 3583 421 3629 te
434 3590 534 3630 omnes
547 3572 628 3648 pueri
637 3571 817 3647 clamentque
830 3569 948 3647 puellae:
1137 3572 1193 3629 130

241 3650 344 3712 Quum
357 3652 460 3728 laqueo
473 3669 589 3709 uxorem
603 3634 743 3707 inteiimis
755 3660 931 3725 matremque
945 3667 1067 3725 veneno,

240 3728 385 3789 Incolumi
399 3731 491 3807 capite
505 3731 556 3788 esl
588 3729 670 3791 Quid
683 3729 780 3788 eniml
801 3748 893 3805 neque
906 3739 938 3787 tu
952 3730 1007 3787 hoc
1021 3728 1092 3787 facis

323 3813 366 3869 Ar
388 3812 421 3885 is,
826 3852 830 3861 -

241 3889 308 3951 Nec
322 3831 406 3965 serrgo,
420 3900 453 3949 ut
466 3890 583 3948 demens
596 3887 766 3968 genitricem
779 3886 886 3946 occidit
898 3886 1026 3947 Orestes.
