2617 4442
532 382 598 433 sus
615 382 773 434 roseros.
1088 388 1142 447 191

185 525 248 590 Qui
261 524 365 600 nescit,
380 544 477 585 versus
491 536 587 587 tumen
601 526 689 586 audet
701 526 811 605 lingere
822 527 1006 592 l-Quidnil

186 606 273 666 Liber
286 617 316 665 et
329 606 483 683 ingenuus,
498 606 653 684 praesertim
667 625 773 665 census
786 619 947 683 equestrem
986 630 994 650 ·

188 688 337 744 Summam
350 704 543 758 nummorum,
559 686 682 763 vitioque
696 696 822 745 remotus
835 687 872 745 ab
884 687 1015 747 omui.-

185 764 236 824 'l'u
249 764 322 823 nihil
335 764 425 823 inriti
435 765 516 823 dices
530 764 653 825 faciesve
667 763 817 837 Minervd3
1086 766 1146 827 385

159 905 164 911 ,
187 843 223 903 Id
236 842 290 902 tibi
298 844 440 921 judicium
453 855 507 918 est,
520 864 555 902 ea
568 863 668 903 mens:
689 844 714 902 si
727 845 796 921 quid
809 856 906 905 tamen
919 846 987 905 olim
1150 882 1219 906 a·-

189 923 353 1001 Scripseris,
366 923 397 981 in
411 922 495 981 Metii
509 924 667 982 descendat
676 923 783 1002 judicis
796 943 889 999 aures,

188 1003 227 1061 Et
239 1003 337 1080 patris,
351 1013 381 1062 et
394 1014 521 1074 nostras;
542 1020 708 1080 nouumque
720 1016 866 1081 prematur
879 1004 911 1063 in
925 1024 1042 1064 sunum.

188 1081 366 1141 Membrauis
380 1082 457 1141 intus
467 1082 575 1159 positis,
586 1082 683 1141 delere
692 1083 791 1142 licebit

188 1162 277 1227 Quod
287 1181 345 1220 uon
360 1161 500 1233 edideris3
522 1162 615 1220 nescit
627 1162 906 1222 voxmissareverti.
1086 1163 1147 1223 300

228 1242 377 1301 Silvestres
391 1242 521 1299 homines
534 1260 615 1299 sacer
629 1241 824 1319 interpresque
837 1242 956 1302 deorum

189 1319 326 1379 Cedibus
340 1333 370 1379 et
382 1320 460 1379 victu
475 1320 550 1379 foedo
564 1320 701 1379 deterruit
715 1320 867 1398 Orpheus:

189 1400 293 1459 Dictus
305 1400 344 1458 ob
358 1400 413 1459 hoc
426 1400 516 1457 lenire
530 1400 618 1477 tigres
630 1399 801 1476 rabidosque
813 1401 928 1459 leones:

189 1479 294 1538 Dictus
308 1491 338 1537 et
350 1477 509 1555 Amphion,
520 1477 671 1536 Thebane
682 1479 812 1537 conditor
825 1480 910 1552 arcis,

189 1560 268 1617 Saxa
280 1576 394 1616 movere
408 1576 478 1615 sono
491 1557 652 1630 testudinis,
667 1568 795 1635 etpreoe
808 1558 914 1616 blandi
1089 1560 1148 1618 395

189 1637 307 1695 Ducere
320 1634 378 1713 qud
393 1636 485 1695 vellet.
526 1634 594 1694 Fuit
607 1637 671 1693 hec
684 1636 825 1713 sapientia
836 1638 991 1714 quondam,

190 1715 311 1775 Publica
324 1715 441 1793 privatis
454 1734 614 1789 secernere,
630 1735 712 1774 secra
723 1716 858 1793 profanis,

169 1776 355 1863 leoncubitu
367 1794 517 1873 prohibere
532 1792 696 1887 vugoqdere
706 1794 772 1872 jure
785 1796 904 1871 maritis,

133 1880 151 1921 Ι
188 1874 305 1952 Oppida
318 1874 421 1947 moliri,
436 1874 514 1951 leges
527 1874 654 1932 incidere
668 1875 756 1951 ligno.

191 1954 242 2012 Sic
255 1956 344 2013 honor
358 1964 387 2013 et
399 1972 505 2012 nomen
520 1953 623 2011 divinis
636 1954 748 2012 ustibus
761 1964 846 2031 atque
1088 1955 1149 2014 400

191 2033 374 2092 Carminibus
387 2033 473 2091 venit.
514 2032 582 2092 Post
595 2034 647 2091 hos
662 2034 784 2109 insignis
797 2033 942 2093 Homerus

190 2112 378 2189 Tyrtaeusque
392 2131 485 2171 mares
498 2112 609 2177 animos
619 2112 650 2171 in
665 2112 771 2171 Martia
784 2113 858 2172 bellu

190 2192 327 2251 Versibus
341 2191 471 2262 exacuit3
493 2192 577 2251 dictae
587 2211 637 2269 per
648 2193 778 2251 carmina
790 2202 896 2264 sortes:

191 2272 230 2330 Et
243 2272 305 2330 vite
319 2282 475 2331 monstrata
488 2271 534 2328 viu
548 2282 608 2342 est:
629 2282 659 2329 et
672 2271 764 2347 gratia
776 2290 878 2347 regum

191 2350 293 2411 Pieriis
305 2362 415 2410 tentata
428 2350 536 2420 modis;
557 2350 699 2425 ludusque
711 2361 852 2427 repertus,
1089 2350 1149 2409 405

191 2431 230 2489 Et
241 2432 391 2509 longorum
405 2448 523 2507 operum
537 2428 621 2488 finis:
642 2448 680 2487 ne
695 2426 766 2488 lortd
779 2428 884 2507 pudori

193 2510 237 2569 Sit
250 2510 302 2568 tibi
314 2509 400 2569 Musa
414 2510 481 2586 lyrae
495 2508 594 2581 solers,
608 2518 637 2566 et
650 2519 750 2567 cautor
763 2509 877 2585 Apollo.
989 2556 1004 2581 .,

230 2588 260 2647 N
263 2589 344 2648 aturi
358 2589 439 2648 lieret
451 2588 594 2647 laudabile
607 2606 734 2662 carmen,
749 2607 785 2647 au
801 2599 871 2661 arte,
999 2583 1002 2593 “

190 2668 353 2732 Quaesitum
367 2680 419 2729 est.
460 2668 524 2745 Ego
537 2687 593 2727 nec
606 2669 732 2726 studium
746 2668 809 2727 siue
822 2667 910 2726 divite
924 2667 1007 2741 vend,
1216 2726 1223 2748 Ι

191 2746 222 2808 N
223 2767 258 2808 ec
271 2750 343 2807 rudo
355 2748 424 2825 quid
437 2749 525 2826 possit
538 2748 621 2806 video
634 2748 802 2825 ingenium:
824 2748 940 2807 alterius
953 2748 997 2807 sic
1077 2747 1150 2807 ,410

191 2828 293 2887 Altera
305 2829 396 2905 poscit
409 2847 492 2904 opem
507 2847 561 2901 res,
576 2838 605 2886 et
615 2828 746 2905 conjurat
760 2825 863 2887 amice.

190 2906 253 2970 Qui
267 2909 362 2967 studet
375 2917 500 2985 optatam
513 2926 600 2965 cursu
614 2908 781 2984 contingere
794 2917 911 2981 metam,

192 2986 286 3045 Multa
296 2988 360 3045 tulit
373 2987 496 3062 fecitque
505 3005 595 3063 puer;
617 2988 729 3045 sudavit
742 2999 772 3045 et
785 2987 865 3057 alsit3

196 3066 342 3125 Abstinuit
354 3066 469 3124 Venere
483 3074 512 3123 et
525 3066 607 3123 vino:
627 3066 677 3142 qui
691 3066 794 3141 Pythie
806 3075 904 3123 cantat

191 3144 328 3218 Tibicen,
343 3144 443 3203 didicit
455 3140 544 3220 prius,
558 3144 745 3219 extimuitque
758 3145 934 3219 magistrum.
1091 3144 1150 3201 tte

192 3223 258 3283 Nec
271 3221 340 3282 satis
354 3232 398 3281 est
410 3222 533 3280 dixisse:
574 3226 592 3253 “
608 3221 673 3298 Ego
685 3222 758 3279 mim
770 3226 904 3297 poemata
916 3240 1031 3299 pungo:

191 3303 325 3380 Occupet
340 3313 499 3361 extremum
512 3300 640 3371 scabies3
661 3300 733 3357 mihi
745 3310 828 3376 turpe
841 3301 964 3378 relinqui
976 3310 1031 3374 est,

190 3382 241 3456 Et,
254 3382 330 3459 quod
344 3400 402 3439 non
413 3380 512 3453 didici,
526 3378 597 3437 saud
612 3381 725 3438 nescire
739 3379 847 3437 fateri.”

231 3461 271 3520 Ut
283 3479 378 3538 praeco
388 3460 424 3519 ad
439 3478 550 3517 merces
563 3459 675 3517 turbem
686 3459 733 3536 qui
748 3459 825 3535 cogit
837 3461 983 3536 emendas,

193 3541 393 3600 Assentatores
404 3539 485 3617 jubet
499 3539 535 3597 ad
548 3539 661 3597 lucrum
675 3539 717 3598 ire
729 3542 815 3617 poeta
1089 3538 1151 3600 000

193 3619 281 3679 Dives
294 3621 380 3697 agris,
395 3620 475 3677 dives
488 3618 587 3696 positis
600 3618 631 3678 in
645 3619 753 3679 soenore
766 3619 900 3679 nummis.

159 3724 162 3731 ·
194 3700 226 3759 si
240 3696 307 3759 verb
317 3710 362 3758 est
374 3708 493 3757 unctum
506 3698 555 3775 qui
568 3696 647 3757 recte
658 3695 765 3776 ponere
775 3699 873 3775 possit,

195 3778 232 3839 Et
244 3779 384 3859 spondere
397 3778 452 3836 levi
467 3797 517 3855 pro
530 3796 666 3855 paupere,
679 3790 708 3837 et
720 3778 830 3856 eripere
844 3777 913 3839 atris

194 3858 307 3920 litibus
320 3857 500 3936 implicitum,
513 3858 637 3919 mirabor
650 3858 675 3917 si
685 3858 758 3918 sciet
771 3858 860 3918 inter·
