2617 4442
505 414 705 466 CARMINUM
720 417 788 466 LlB.
805 418 856 467 111.

336 553 417 631 Quo,
431 555 526 631 Musa,
539 559 653 618 tendisl
694 560 803 620 Desine
815 561 950 639 pervicax

381 637 503 694 Referre
517 656 664 696 sermones
677 640 805 714 deorum,
819 651 849 698 et

420 714 531 793 Magna
543 718 636 776 modis
650 728 769 777 tenuare
783 719 883 796 parvis.
936 711 955 772 s

570 1174 610 1213 An
625 1174 799 1216 camorata

341 1276 508 1335 Dascnnnn
524 1276 606 1349 ooelo,
622 1275 670 1332 dio
683 1294 736 1350 age
747 1275 818 1334 tibia

338 1357 457 1432 Regina
469 1357 597 1434 longum,
612 1354 751 1429 Calliope,
765 1355 865 1430 melos,

379 1437 439 1493 Seu
452 1455 521 1493 vooe
536 1453 615 1492 nuno
630 1435 720 1491 mavis
733 1435 829 1507 acutia,

420 1514 479 1570 Seu
492 1514 596 1570 fidibus
610 1514 775 1587 citharaque
788 1514 898 1571 Phoebi.

339 1592 473 1651 Auditisl
494 1611 531 1650 an
546 1592 678 1648 meludit
692 1592 821 1648 amabilis

342 1671 480 1729 Insanial
501 1671 612 1729 Audire
627 1680 655 1728 et
669 1670 765 1727 videor
777 1670 840 1745 pios

377 1751 481 1809 Errare
494 1770 545 1827 per
559 1750 650 1822 lucos,
666 1768 784 1806 amoenae

416 1830 500 1892 Quos
514 1841 543 1887 et
557 1849 637 1904 aquae
652 1829 776 1887 subeunt
789 1839 819 1886 et
833 1849 919 1888 aurae.

341 1910 391 1968 Me
405 1910 550 1982 fabulosae,
564 1909 687 1966 Vulture
701 1909 731 1965 in
742 1909 867 1986 Appulo‚

339 1989 456 2047 Altriois
470 1999 550 2046 extra
562 1989 650 2046 limen
666 1989 789 2065 Apuliae,

378 2069 462 2128 Ludo
476 2069 680 2144 fatigatumque
694 2088 794 2126 somno

424 2147 539 2205 Fronde
553 2147 627 2205 noval
640 2166 759 2223 puerum
772 2147 921 2222 palumbes

338 2223 473 2284 Texbre:
494 2227 597 2284 mirum
612 2226 688 2300 quod
702 2227 774 2283 soret
786 2227 931 2300 omnibus,

337 2306 514 2380 Quicunque
530 2305 613 2362 oelsae
627 2306 727 2361 nidum
742 2305 937 2378 Acherontiae,

380 2384 532 2458 Saltusque
546 2381 696 2454 Bantinos,
710 2391 739 2438 et
752 2401 851 2439 arvum

418 2462 530 2538 Pingue
543 2472 643 2519 tenent
657 2460 773 2518 humilis
787 2461 905 2520 Forenti
913 2481 922 2533 ;

339 2541 378 2600 Ut
391 2552 452 2599 tuto
466 2541 502 2598 ab
516 2541 583 2598 atris
597 2559 715 2617 corpore
729 2540 832 2617 viperis

339 2621 501 2680 Dormirem
514 2631 543 2678 et
557 2619 629 2678 ursis
640 2639 647 2689 ;
669 2630 701 2678 ut
714 2640 857 2696 premerer
871 2619 954 2681 sacri

378 2700 528 2775 Lauroque
541 2698 701 2774 collataque
715 2711 816 2776 myrto,

416 2778 486 2836 Non
501 2779 562 2836 sine
577 2777 621 2836 dis
635 2779 780 2837 animosus
793 2780 896 2839 infans.

336 2859 450 2931 Vester,
465 2857 621 2931 Camoenae,
636 2869 729 2917 vester
743 2859 772 2916 in
786 2861 891 2917 arduos

339 2937 437 2997 Tollor
452 2938 590 3008 Sabinos;
611 2957 663 2995 seu
683 2938 753 2996 mihi
768 2938 902 3014 frigidum

377 3017 532 3090 Praeneste‚
547 3037 598 3075 seu
612 3017 706 3074 Tibur
721 3018 865 3093 supinum,

417 3098 476 3154 Seu
488 3097 604 3172 liquidae
618 3094 753 3172 plaoubre
767 3097 854 3154 Baiae.

338 3175 448 3234 Vestris
461 3177 586 3234 amioum
600 3175 725 3232 fontibus
738 3185 767 3231 et
780 3176 875 3233 choris

338 3254 406 3313 Non
420 3272 466 3311 me
476 3253 616 3328 Philippis
629 3271 711 3308 versa
724 3252 801 3308 aoies
814 3263 899 3328 retro,

377 3333 487 3390 Devota
501 3351 560 3388 non
574 3329 711 3387 exstinxit
725 3329 815 3403 arbos,

418 3409 450 3466 N
451 3429 486 3468 eo
499 3409 599 3467 Sicula
613 3408 766 3466 Palinurus
779 3409 866 3468 undal.

337 3489 490 3564 Utcunque
504 3507 617 3547 mecum
631 3508 680 3546 vos
693 3488 781 3563 eritis,
796 3489 887 3548 libens
916 3548 921 3562 ,

338 3567 535 3627 Insanientem
549 3569 644 3626 navita
658 3568 815 3644 Bosporum
886 3634 888 3637 v

377 3647 521 3720 Teutabo,
536 3659 565 3706 et
578 3659 690 3706 arentes
704 3667 806 3706 arenas

417 3726 533 3784 Littoris
546 3728 657 3804 Assyrii
671 3728 776 3785 viator:

339 3805 443 3872 Visam,
452 3806 603 3866 Britannos
616 3807 775 3884 hospitibus
788 3806 871 3881 feros,

337 3884 376 3946 Et
388 3887 485 3945 laetum
499 3888 602 3964 equino
616 3887 757 3963 sanguine
771 3886 959 3958 Concanum

376 3966 476 4104 Viqaqn
489 3969 665 4044 pharetratos
677 3965 813 4034 Gelonos,

1131 3961 1173 4021 85
