2617 4442
414 400 662 454 EPISTOLARUM
679 401 745 451 ΗΒ,
762 401 797 450 Π.
814 403 839 451 2.

202 546 262 609 Des
276 567 417 621 nummos,
431 555 550 623 excepta
563 542 634 604 nihil
647 555 677 603 te
690 546 715 603 si
728 546 797 623 firgo
809 545 921 607 ledat-'⁹

201 628 255 687 Ille
269 629 340 686 serat
353 627 485 704 pretium,
499 644 591 703 poenae
605 644 732 699 securus,
745 627 854 703 opinor.

203 708 334 765 Prudens
348 706 442 765 emisti
456 706 603 774 vitiosum3
625 704 702 763 dicta
715 706 767 764 tibi
780 716 824 763 est
836 706 899 763 lex:

202 785 366 862 Insequeris
379 796 475 843 tamen
490 786 578 857 hunc,
592 797 621 842 et
633 784 684 843 lite
697 786 817 842 moraris
829 784 937 862 iniqu&

243 865 310 924 Dixi
324 883 370 922 me
383 864 496 941 pigrum
510 864 703 941 proficiscenti
716 863 778 937 tibi,
792 864 851 922 dixi

205 943 327 1002 Talibus
339 943 440 1002 officiis
453 940 542 1021 propd
556 960 711 1013 mancum3
732 961 771 1001 ne
783 962 848 1001 mea
860 960 953 1001 saevus

203 1023 223 1080 -J
224 1043 339 1100 urgeres
352 1023 388 1081 ad
401 1033 430 1081 te
443 1021 521 1098 qudd
534 1022 654 1099 epistola
668 1022 747 1081 nulla
760 1023 876 1081 veniret.

203 1103 285 1164 Quid
298 1113 359 1161 tum
371 1102 488 1180 profeci,
502 1120 615 1160 mecum
631 1102 765 1159 facientia
774 1102 839 1178 jura

205 1182 239 1239 Si
251 1193 347 1240 tamen
360 1183 501 1240 attentasl
540 1180 681 1244 Quereris
694 1200 779 1257 super
793 1182 848 1239 hoo
860 1180 957 1254 etiam,
971 1177 1050 1257 qudd

204 1261 377 1337 Exspectata
384 1261 437 1320 tibi
443 1279 502 1319 non
511 1260 621 1319 mittam
634 1261 763 1319 carmina
776 1260 910 1318 mendax.

244 1340 358 1399 Luculli
371 1341 454 1398 miles
466 1340 586 1398 collecta
599 1340 703 1397 viatica
715 1339 812 1397 multis

205 1420 364 1492 AErumnis,
375 1420 467 1477 lassus
480 1420 548 1476 dum
562 1429 650 1476 noctu
664 1419 764 1490 stertit,
778 1419 815 1475 ad
829 1436 921 1476 assem

204 1499 391 1557 Perdiderat:
411 1509 475 1575 post
488 1498 542 1555 hoc
556 1498 710 1554 vehemens
722 1496 817 1573 lupus,
830 1508 861 1555 et
874 1497 929 1554 sibi
941 1506 972 1555 et
984 1495 1059 1555 hosti

204 1577 302 1637 Iratus
313 1577 429 1654 pariter,
440 1576 545 1653 jejunis
558 1576 691 1633 dentibus
703 1593 780 1647 acer,

204 1656 377 1715 Praesidium
390 1656 485 1733 regale
499 1656 562 1713 loco
575 1654 691 1730 dejecit,
704 1665 737 1711 ut
750 1654 840 1728 aiunt,

206 1732 327 1794 Summd
342 1736 461 1808 munito,
475 1744 503 1792 et
517 1734 670 1791 multarum
683 1732 770 1791 divite
782 1750 887 1791 rerum.

206 1815 310 1873 Clarus
322 1815 360 1873 ob
373 1814 403 1872 id
417 1813 534 1886 factum,
548 1812 631 1871 donis
643 1822 761 1870 ornatur
774 1812 920 1883 honestis3

208 1895 283 1953 Aoci
303 1894 325 1952 it
338 1903 367 1951 et
380 1892 424 1951 bis
437 1892 512 1951 dena
525 1910 610 1968 super
623 1890 753 1949 sestertia
765 1891 925 1950 nummum.

207 1974 294 2032 Forte
309 1973 361 2031 sub
375 1973 429 2031 hoo
442 1983 554 2050 tempus
567 1970 716 2030 castellum
729 1981 856 2029 evertere
868 1980 972 2049 pretor

208 2052 316 2112 Nescio
329 2053 404 2130 quod
419 2052 547 2129 cupiens,
563 2050 668 2109 hortari
681 2051 768 2126 ooepit
781 2050 905 2109 eundem

207 2132 311 2191 Verbis
323 2149 385 2207 quae
398 2132 497 2189 timido
507 2146 618 2208 quoque
630 2141 747 2207 possent
760 2130 865 2188 addere
879 2138 1022 2187 mentem:

209 2216 227 2243 “
239 2211 265 2284 I,
279 2212 362 2284 bone,
376 2208 433 2288 qud
447 2210 534 2267 virtus
547 2219 638 2267 tuate
652 2219 751 2279 vocat3
772 2208 781 2265 i
795 2209 868 2285 pede
881 2208 984 2282 fausto,

208 2291 336 2348 Grandia
348 2291 456 2348 laturus
469 2288 634 2346 meritorum
646 2288 780 2364 praemia:
800 2287 867 2362 quid
882 2297 940 2345 stes
948 2289 979 2345 l'’

209 2371 276 2429 Post
289 2372 350 2428 hec
363 2369 411 2428 ille
425 2378 517 2441 catus,
529 2366 710 2443 quantumvis
722 2366 855 2438 rusticus,
863 2369 881 2396 “
897 2365 963 2439 Ibit,

208 2449 268 2508 Ibit
280 2446 316 2507 ed
330 2445 387 2526 qud
401 2447 453 2521 vis,
467 2447 515 2523 qui
530 2464 633 2504 zonam
646 2445 798 2522 perdidit,''
812 2443 913 2520 inquit.

248 2529 351 2587 Rome
364 2526 467 2585 nutriri
476 2524 547 2583 mihi
560 2524 691 2600 contigit,
705 2533 790 2598 atque
803 2524 900 2581 doceri

209 2608 303 2667 iratus
316 2606 412 2666 Graiis
424 2602 564 2683 qusntdm
578 2604 722 2661 nocuisset
735 2602 884 2661 Achilles:

209 2686 354 2765 Adjecdrc
367 2687 449 2745 bonae
462 2682 549 2763 paulb
562 2683 625 2760 plus
639 2683 706 2740 artis
720 2682 860 2753 Athenae3

210 2768 328 2826 Scilicet
340 2776 373 2824 ut
384 2784 496 2843 possem
510 2782 597 2821 curvo
610 2763 779 2838 dignoscere
792 2772 912 2836 rectum,

209 2849 306 2923 Atque
320 2846 394 2904 inter
407 2844 492 2902 silvas
506 2842 647 2901 Academi
661 2859 787 2917 quaerere
797 2858 904 2899 verum.

209 2926 291 2984 Dura
303 2925 354 2983 sed
368 2921 499 2983 emovere
513 2923 576 2981 looo
589 2940 635 2979 me
649 2931 778 2996 tempora
790 2931 871 2996 grato
878 2939 887 2990 ;

209 3005 364 3081 civilisque
377 3004 478 3061 rudem
492 3002 558 3059 belli
571 3001 636 3059 tulit
649 3011 735 3057 aestus
748 2999 778 3056 iu
793 3018 881 3072 arma,

209 3085 332 3142 Caesaris
346 3082 470 3158 Augusti
483 3100 542 3139 non
555 3098 725 3157 responsura
737 3077 859 3135 lacertis.

210 3164 294 3222 Unde
308 3162 392 3220 simul
405 3158 530 3237 primum
544 3178 590 3215 me
604 3156 739 3215 dimisere
752 3155 885 3232 Philippi,

211 3242 325 3300 Decisis
338 3241 475 3299 humilem
489 3236 602 3315 pennis,
616 3236 786 3311 inopemque
799 3233 911 3317 paterni

210 3320 248 3378 Et
262 3322 329 3379 laris
343 3331 372 3378 et
387 3318 478 3391 fundi,
491 3324 642 3394 paupertas
655 3312 768 3388 impulit
781 3313 877 3369 audax

209 3399 249 3458 Ut
263 3418 360 3458 versus
374 3400 498 3457 facerem
511 3416 517 3453 :
538 3394 589 3452 sed
602 3393 679 3469 quod
689 3410 748 3449 non
761 3392 835 3450 desit
848 3390 1002 3449 habentem

209 3478 287 3541 Quae
300 3488 433 3556 poterunt
446 3493 572 3552 unquam
586 3470 654 3531 satis
668 3489 825 3549 expurgare
839 3471 954 3543 cicutre,

209 3556 250 3616 Ni
265 3556 368 3616 melids
382 3555 505 3615 dormire
517 3563 615 3630 putem
628 3549 715 3629 qudm
728 3552 852 3609 scribere
865 3551 982 3609 venusi

249 3638 372 3715 Singula
384 3637 421 3693 de
434 3633 517 3692 nobis
530 3632 599 3691 anni
611 3632 774 3709 praedantur
786 3641 907 3701 euntes3

209 3716 351 3796 Eripudre
362 3715 453 3793 jocos,
466 3730 610 3785 venerem,
624 3710 762 3783 convivia,
776 3710 892 3780 ludum3

210 3796 351 3855 Tendunt
364 3804 530 3870 extorquere
543 3795 693 3867 poemata:
713 3789 782 3865 quid
796 3790 898 3847 faciam
911 3787 974 3846 visi

211 3873 343 3953 Denique
357 3893 415 3933 non
429 3890 529 3932 omnes
542 3871 642 3929 eadem
656 3869 795 3927 mirantur
809 3878 979 3944 emurque:

211 3954 349 4015 Carmine
362 3965 394 4015 tu
407 3953 532 4033 gsudes5
554 3950 601 4009 hic
615 3949 773 4007 delectatur
786 3946 904 4017 iambis3
