2617 4442
462 389 495 444 Q.
512 386 659 436 HORATII
677 387 802 437 Funcci

293 531 434 591 Famosus
447 530 558 605 hospes,
573 549 628 588 nec
639 531 749 588 Priami
762 531 864 590 domus

333 609 451 684 Perjura
463 627 611 686 pugnaces
625 610 753 669 Achivos
927 610 931 614 ’

373 688 525 746 Hectoreis
538 689 639 764 opibus
653 689 798 765 refringit:

293 767 463 842 Nostrisque
477 768 596 824 ductum
611 768 799 826 seditionibus

293 847 406 910 Bellum
420 847 532 903 resedit.
567 846 708 904 Protenus
721 858 751 905 et
763 867 864 925 graves

323 925 405 996 ·IraS,
419 935 448 982 et
462 925 585 982 invisum
598 936 742 1001 nepotem,

373 1003 482 1060 Troica
495 1022 579 1078 quem
592 1005 703 1080 peperit
716 1007 860 1080 sacerdos,

294 1082 383 1140 Marti
397 1083 549 1139 redonabo.
585 1081 672 1138 Illum
686 1103 740 1159 ego
753 1085 865 1142 lucidas

294 1162 372 1219 Iuire
387 1162 479 1233 sedeo,
494 1161 600 1216 ducere
614 1163 740 1219 nectaris

335 1242 455 1311 SuccoS,
469 1250 498 1296 et
512 1240 635 1296 adscribi
649 1241 752 1314 quietis

374 1318 532 1375 Ordinibus
545 1318 636 1392 patiar
650 1320 777 1377 deorum.

294 1396 372 1455 Dum
385 1398 488 1472 longus
502 1396 575 1453 inter
590 1397 685 1454 saeviat
698 1397 773 1455 Ilion

295 1477 475 1550 Romamque
489 1488 610 1551 pontus;
632 1477 760 1550 qualibet
773 1477 886 1536 exsules

334 1555 370 1612 In
383 1566 464 1630 parte
477 1565 616 1629 regnanto
630 1555 706 1612 beati
719 1575 725 1612 :

374 1633 452 1690 Dum
466 1633 573 1690 Priami
587 1633 752 1708 Paridisque
766 1635 849 1694 busto

295 1712 417 1770 Insultet
431 1723 601 1782 armentum,
615 1723 644 1769 et
658 1714 766 1771 catulos
780 1714 847 1771 ferae

295 1791 399 1849 Celent
412 1791 526 1859 inultae3
548 1801 602 1846 stet
616 1790 789 1865 Capitolium

334 1869 472 1944 Fulgens‚
486 1869 721 1944 triumphatisque
734 1871 823 1945 possit

373 1948 470 2006 Roma
484 1948 563 2006 ferox
576 1948 643 2004 dare
655 1948 720 2024 jura
734 1948 838 2007 Medis.

294 2027 446 2086 Horrenda
460 2024 517 2084 latd
532 2046 637 2084 nomen
651 2028 682 2084 in
696 2027 810 2085 ultimas

295 2106 440 2165 Extendat
452 2124 532 2175 oras;
553 2106 610 2181 qud
624 2107 737 2164 medius
750 2107 841 2182 liquor

334 2186 467 2245 Secemit
480 2184 616 2262 Europen
630 2187 667 2242 ab
680 2187 763 2259 Afro,

373 2264 444 2326 Qua
457 2265 584 2322 tumidus
597 2265 671 2342 rigat
684 2285 750 2323 arva
764 2264 868 2324 Nilus:

295 2345 409 2402 Aurum
423 2345 602 2422 irrepertum,
617 2355 646 2402 et
660 2345 702 2402 sic
716 2342 820 2403 melius
833 2345 919 2403 situm

294 2424 397 2487 Quum
411 2434 487 2482 terra
500 2425 583 2496 celat,
598 2444 733 2499 spernere
747 2425 853 2499 fortior,

262 2535 268 2546 ·
334 2501 435 2565 Quam
448 2522 551 2578 cogere
566 2505 705 2561 humanos
719 2505 749 2561 in
765 2524 842 2576 usus,
862 2551 866 2557 .

375 2581 471 2639 Omne
486 2599 599 2638 sacrum
612 2581 740 2655 rapiente
755 2582 863 2640 dextrd.

295 2659 472 2734 Quicunque
486 2660 594 2716 mundo
607 2659 746 2716 terminus
759 2661 876 2735 obstitit,

296 2739 385 2797 Hunc
399 2747 499 2814 tangat
513 2739 608 2810 armis,
622 2737 713 2795 visere
726 2740 853 2814 gestiens

334 2817 406 2880 Qut
418 2828 498 2893 parte
513 2816 727 2876 debacchentur
741 2818 833 2894 ignes,

374 2896 445 2958 Qua
459 2895 571 2954 nebulae
584 2895 727 2973 pluviique
741 2917 829 2956 rores.

296 2975 356 3034 Sed
369 2975 512 3034 bellicosis
526 2975 583 3032 sata
596 2974 771 3036 Quiritibus

296 3055 365 3113 Hae
377 3054 441 3132 lege
456 3055 531 3126 dico,
545 3074 593 3126 ne,
607 3051 729 3112 nimibm
744 3055 794 3131 pii,

335 3134 493 3211 Rebusque
508 3133 639 3206 fidentes,
654 3133 735 3190 avitae

375 3212 469 3270 Tecta
482 3213 571 3271 velint
583 3232 715 3290 reparare
729 3211 835 3290 Trojae.

193 3321 196 3328 ·
296 3292 392 3368 Trojae
406 3311 560 3350 renascens
574 3293 640 3350 alite
654 3293 769 3368 lugubri

296 3370 424 3429 Fortuna
438 3372 510 3430 tristi
524 3372 606 3429 clade
620 3373 777 3446 iterabitur,

335 3449 468 3507 Ducente
482 3451 613 3507 victrices
627 3462 755 3508 catervas

374 3527 507 3603 Conjuge
520 3547 567 3584 me
579 3527 658 3585 Jovis
671 3539 700 3585 et
713 3547 817 3587 sorore.

296 3605 357 3663 Ter
371 3606 395 3663 si
408 3617 536 3681 resurgat
550 3625 649 3664 murus
663 3607 790 3663 aheneus

296 3686 424 3743 Auctore
438 3685 562 3755 Phoebo;
583 3696 626 3742 ter
640 3695 738 3762 pereat
750 3685 823 3743 meis

335 3764 458 3822 Excisus
472 3764 603 3840 Argivis3
624 3773 667 3820 ter
681 3782 751 3821 uxor

375 3842 467 3919 Capta
479 3843 570 3900 virum
584 3862 742 3918 puerosque
755 3843 862 3919 ploret?
868 3845 876 3872 ’

296 3921 365 3980 Non
379 3923 442 3980 haec
453 3922 557 3999 jocosae
572 3923 747 3980 conveniunt
759 3923 835 3998 lyrae.
