<?xml version="1.0" encoding="UTF-8"?>
<!DOCTYPE html PUBLIC "-//W3C//DTD XHTML 1.0 Transitional//EN"
    "http://www.w3.org/TR/xhtml1/DTD/xhtml1-transitional.dtd">
<html xmlns="http://www.w3.org/1999/xhtml" xml:lang="en" lang="en">
 <head>
  <title>
</title>
<meta http-equiv="Content-Type" content="text/html;charset=utf-8" />
  <meta name='ocr-system' content='tesseract 3.04.00' />
  <meta name='ocr-capabilities' content='ocr_page ocr_carea ocr_par ocr_line ocrx_word'/>
</head>
<body>
  <div class='ocr_page' id='page_1' title='image "./opera03horagoog_0181.png"; bbox 0 0 2617 4442; ppageno 0'>
   <div class='ocr_carea' id='block_1_1' title="bbox 472 408 897 462">
    <p class='ocr_par' dir='ltr' id='par_1_1' title="bbox 472 408 897 462">
     <span class='ocr_line' id='line_1_1' title="bbox 472 408 897 462; baseline 0.014 -6"><span class='ocrx_word' id='word_1_1' title='bbox 472 408 720 459; x_wconf 78' lang='lat' dir='ltr'><strong>EPISTULARUM</strong></span> <span class='ocrx_word' id='word_1_2' title='bbox 736 410 802 459; x_wconf 87' lang='lat' dir='ltr'><strong>LIB.</strong></span> <span class='ocrx_word' id='word_1_3' title='bbox 820 412 856 460; x_wconf 91' lang='grc' dir='ltr'>ΙΙ.</span> <span class='ocrx_word' id='word_1_4' title='bbox 875 416 897 462; x_wconf 92' lang='lat'>1.</span> 
     </span>
    </p>
   </div>
   <div class='ocr_carea' id='block_1_2' title="bbox 227 550 1067 2596">
    <p class='ocr_par' dir='ltr' id='par_1_2' title="bbox 227 550 1012 1007">
     <span class='ocr_line' id='line_1_2' title="bbox 268 550 992 633; baseline 0.007 -24"><span class='ocrx_word' id='word_1_5' title='bbox 268 551 310 624; x_wconf 88' lang='lat' dir='ltr'>Si,</span> <span class='ocrx_word' id='word_1_6' title='bbox 324 550 391 627; x_wconf 89' lang='lat' dir='ltr'>quia</span> <span class='ocrx_word' id='word_1_7' title='bbox 404 552 569 610; x_wconf 83' lang='lat' dir='ltr'>Graecorum</span> <span class='ocrx_word' id='word_1_8' title='bbox 583 563 650 611; x_wconf 91' lang='lat' dir='ltr'>sunt</span> <span class='ocrx_word' id='word_1_9' title='bbox 664 553 860 629; x_wconf 88' lang='lat' dir='ltr'>antiquissima</span> <span class='ocrx_word' id='word_1_10' title='bbox 872 574 992 633; x_wconf 86' lang='lat' dir='ltr'>quaeque</span> 
     </span>
     <span class='ocr_line' id='line_1_3' title="bbox 229 630 953 709; baseline 0.006 -22"><span class='ocrx_word' id='word_1_11' title='bbox 229 630 341 706; x_wconf 85' lang='lat' dir='ltr'>Scripta</span> <span class='ocrx_word' id='word_1_12' title='bbox 353 632 397 688; x_wconf 88' lang='lat' dir='ltr'>vel</span> <span class='ocrx_word' id='word_1_13' title='bbox 411 630 527 706; x_wconf 87' lang='lat' dir='ltr'>optima,</span> <span class='ocrx_word' id='word_1_14' title='bbox 542 632 669 690; x_wconf 83' lang='lat' dir='ltr'>Romani</span> <span class='ocrx_word' id='word_1_15' title='bbox 681 645 838 709; x_wconf 81' lang='lat' dir='ltr'>pensantur</span> <span class='ocrx_word' id='word_1_16' title='bbox 851 635 953 691; x_wconf 73' lang='lat' dir='ltr'>eadem</span> 
     </span>
     <span class='ocr_line' id='line_1_4' title="bbox 228 708 1012 789; baseline 0.008 -23"><span class='ocrx_word' id='word_1_17' title='bbox 228 708 386 784; x_wconf 76' lang='lat' dir='ltr'>Scriptores</span> <span class='ocrx_word' id='word_1_18' title='bbox 398 710 515 783; x_wconf 74' lang='lat' dir='ltr'>trutina,</span> <span class='ocrx_word' id='word_1_19' title='bbox 529 730 587 769; x_wconf 91' lang='lat' dir='ltr'>non</span> <span class='ocrx_word' id='word_1_20' title='bbox 601 722 645 769; x_wconf 90' lang='lat' dir='ltr'>est</span> <span class='ocrx_word' id='word_1_21' title='bbox 658 709 735 788; x_wconf 80' lang='lat' dir='ltr'>quhd</span> <span class='ocrx_word' id='word_1_22' title='bbox 748 713 837 769; x_wconf 91' lang='lat' dir='ltr'>multa</span> <span class='ocrx_word' id='word_1_23' title='bbox 851 712 1012 789; x_wconf 83' lang='lat' dir='ltr'><strong>loquamur:</strong></span> 
     </span>
     <span class='ocr_line' id='line_1_5' title="bbox 227 787 972 864; baseline 0.008 -20"><span class='ocrx_word' id='word_1_24' title='bbox 227 787 279 845; x_wconf 89' lang='lat' dir='ltr'>Nil</span> <span class='ocrx_word' id='word_1_25' title='bbox 293 788 367 845; x_wconf 91' lang='lat' dir='ltr'>intra</span> <span class='ocrx_word' id='word_1_26' title='bbox 380 799 423 846; x_wconf 84' lang='lat' dir='ltr'>est</span> <span class='ocrx_word' id='word_1_27' title='bbox 436 789 538 862; x_wconf 88' lang='lat' dir='ltr'>oleam,</span> <span class='ocrx_word' id='word_1_28' title='bbox 552 790 593 847; x_wconf 95' lang='lat' dir='ltr'>nil</span> <span class='ocrx_word' id='word_1_29' title='bbox 607 801 687 848; x_wconf 81' lang='lat' dir='ltr'>extra</span> <span class='ocrx_word' id='word_1_30' title='bbox 699 801 743 848; x_wconf 85' lang='lat' dir='ltr'>est</span> <span class='ocrx_word' id='word_1_31' title='bbox 756 791 786 848; x_wconf 94' lang='lat' dir='ltr'>in</span> <span class='ocrx_word' id='word_1_32' title='bbox 800 810 886 864; x_wconf 85' lang='lat' dir='ltr'>nuce,</span> <span class='ocrx_word' id='word_1_33' title='bbox 900 793 972 851; x_wconf 89' lang='lat' dir='ltr'>duri.</span> 
     </span>
     <span class='ocr_line' id='line_1_6' title="bbox 228 866 987 946; baseline 0.005 -21"><span class='ocrx_word' id='word_1_34' title='bbox 228 866 368 925; x_wconf 88' lang='lat' dir='ltr'><strong>Venimus</strong></span> <span class='ocrx_word' id='word_1_35' title='bbox 382 868 417 925; x_wconf 90' lang='lat' dir='ltr'>ad</span> <span class='ocrx_word' id='word_1_36' title='bbox 431 887 574 925; x_wconf 91' lang='lat' dir='ltr'>summum</span> <span class='ocrx_word' id='word_1_37' title='bbox 589 869 725 927; x_wconf 72' lang='lat' dir='ltr'>fortunae:</span> <span class='ocrx_word' id='word_1_38' title='bbox 745 870 891 946; x_wconf 81' lang='lat' dir='ltr'>pingimus</span> <span class='ocrx_word' id='word_1_39' title='bbox 904 882 987 946; x_wconf 89' lang='lat' dir='ltr'>atque</span> 
     </span>
     <span class='ocr_line' id='line_1_7' title="bbox 228 946 954 1007; baseline 0.006 -4"><span class='ocrx_word' id='word_1_40' title='bbox 228 946 378 1003; x_wconf 85' lang='lat' dir='ltr'>Psallimus</span> <span class='ocrx_word' id='word_1_41' title='bbox 392 957 421 1003; x_wconf 90' lang='lat' dir='ltr'>et</span> <span class='ocrx_word' id='word_1_42' title='bbox 433 946 574 1004; x_wconf 89' lang='lat' dir='ltr'>luctamur</span> <span class='ocrx_word' id='word_1_43' title='bbox 589 947 710 1005; x_wconf 87' lang='lat' dir='ltr'>Achivis</span> <span class='ocrx_word' id='word_1_44' title='bbox 723 947 837 1007; x_wconf 78' lang='lat' dir='ltr'>doctius</span> <span class='ocrx_word' id='word_1_45' title='bbox 850 949 954 1007; x_wconf 87' lang='lat' dir='ltr'>unctis.</span> 
     </span>
    </p>

    <p class='ocr_par' dir='ltr' id='par_1_3' title="bbox 230 1024 871 1103">
     <span class='ocr_line' id='line_1_8' title="bbox 230 1024 871 1103; baseline 0.006 -22"><span class='ocrx_word' id='word_1_46' title='bbox 230 1024 262 1082; x_wconf 86' lang='lat' dir='ltr'>Si</span> <span class='ocrx_word' id='word_1_47' title='bbox 276 1024 392 1082; x_wconf 83' lang='lat' dir='ltr'><strong>meliora</strong></span> <span class='ocrx_word' id='word_1_48' title='bbox 405 1026 476 1098; x_wconf 88' lang='lat' dir='ltr'>dies,</span> <span class='ocrx_word' id='word_1_49' title='bbox 491 1025 610 1099; x_wconf 81' lang='lat' dir='ltr'>utrina,</span> <span class='ocrx_word' id='word_1_50' title='bbox 624 1031 758 1103; x_wconf 74' lang='lat' dir='ltr'>poemata</span> <span class='ocrx_word' id='word_1_51' title='bbox 767 1028 871 1100; x_wconf 83' lang='lat' dir='ltr'><strong>reddit,</strong></span> 
     </span>
    </p>

    <p class='ocr_par' dir='ltr' id='par_1_4' title="bbox 229 1104 1018 1338">
     <span class='ocr_line' id='line_1_9' title="bbox 230 1104 1018 1182; baseline 0.004 -21"><span class='ocrx_word' id='word_1_52' title='bbox 230 1104 310 1161; x_wconf 90' lang='lat' dir='ltr'>Scire</span> <span class='ocrx_word' id='word_1_53' title='bbox 324 1104 408 1161; x_wconf 91' lang='lat' dir='ltr'>velim</span> <span class='ocrx_word' id='word_1_54' title='bbox 421 1105 544 1180; x_wconf 89' lang='lat' dir='ltr'>pretium</span> <span class='ocrx_word' id='word_1_55' title='bbox 558 1105 664 1163; x_wconf 88' lang='lat' dir='ltr'>chartis</span> <span class='ocrx_word' id='word_1_56' title='bbox 677 1116 779 1181; x_wconf 89' lang='lat' dir='ltr'>quotus</span> <span class='ocrx_word' id='word_1_57' title='bbox 792 1117 904 1182; x_wconf 85' lang='lat' dir='ltr'>arroget</span> <span class='ocrx_word' id='word_1_58' title='bbox 917 1126 1018 1164; x_wconf 90' lang='lat' dir='ltr'>annus.</span> 
     </span>
     <span class='ocr_line' id='line_1_10' title="bbox 230 1183 987 1260; baseline 0.005 -20"><span class='ocrx_word' id='word_1_59' title='bbox 230 1183 355 1258; x_wconf 87' lang='lat' dir='ltr'>Scriptor</span> <span class='ocrx_word' id='word_1_60' title='bbox 369 1183 474 1241; x_wconf 91' lang='lat' dir='ltr'>abhinc</span> <span class='ocrx_word' id='word_1_61' title='bbox 487 1203 576 1241; x_wconf 86' lang='lat' dir='ltr'>annos</span> <span class='ocrx_word' id='word_1_62' title='bbox 589 1196 706 1242; x_wconf 88' lang='lat' dir='ltr'>centum</span> <span class='ocrx_word' id='word_1_63' title='bbox 720 1185 769 1260; x_wconf 90' lang='lat' dir='ltr'>qui</span> <span class='ocrx_word' id='word_1_64' title='bbox 782 1185 899 1253; x_wconf 80' lang='lat' dir='ltr'>decidit,</span> <span class='ocrx_word' id='word_1_65' title='bbox 913 1185 987 1244; x_wconf 89' lang='lat' dir='ltr'>inter</span> 
     </span>
     <span class='ocr_line' id='line_1_11' title="bbox 229 1261 909 1338; baseline 0.003 -19"><span class='ocrx_word' id='word_1_66' title='bbox 229 1261 374 1320; x_wconf 72' lang='lat' dir='ltr'><strong>Perfectus</strong></span> <span class='ocrx_word' id='word_1_67' title='bbox 386 1273 549 1338; x_wconf 88' lang='lat' dir='ltr'>veteresque</span> <span class='ocrx_word' id='word_1_68' title='bbox 563 1264 662 1324; x_wconf 89' lang='lat' dir='ltr'>referri</span> <span class='ocrx_word' id='word_1_69' title='bbox 675 1264 771 1335; x_wconf 91' lang='lat' dir='ltr'>debet,</span> <span class='ocrx_word' id='word_1_70' title='bbox 785 1283 822 1321; x_wconf 90' lang='lat' dir='ltr'>an</span> <span class='ocrx_word' id='word_1_71' title='bbox 835 1264 909 1321; x_wconf 91' lang='lat' dir='ltr'>inter</span> 
     </span>
    </p>

    <p class='ocr_par' dir='ltr' id='par_1_5' title="bbox 228 1339 910 1418">
     <span class='ocr_line' id='line_1_12' title="bbox 228 1339 910 1418; baseline 0.001 -20"><span class='ocrx_word' id='word_1_72' title='bbox 228 1339 308 1398; x_wconf 90' lang='lat' dir='ltr'>Viles</span> <span class='ocrx_word' id='word_1_73' title='bbox 322 1351 404 1415; x_wconf 87' lang='lat' dir='ltr'>atque</span> <span class='ocrx_word' id='word_1_74' title='bbox 417 1343 524 1400; x_wconf 91' lang='lat' dir='ltr'>novosl</span> <span class='ocrx_word' id='word_1_75' title='bbox 544 1342 678 1400; x_wconf 85' lang='lat' dir='ltr'>excludat</span> <span class='ocrx_word' id='word_1_76' title='bbox 688 1342 782 1418; x_wconf 84' lang='lat' dir='ltr'>jurgia</span> <span class='ocrx_word' id='word_1_77' title='bbox 795 1342 910 1400; x_wconf 90' lang='lat' dir='ltr'>finis.-</span> 
     </span>
    </p>

    <p class='ocr_par' dir='ltr' id='par_1_6' title="bbox 228 1418 1067 1653">
     <span class='ocr_line' id='line_1_13' title="bbox 228 1418 1067 1497; baseline 0.004 -20"><span class='ocrx_word' id='word_1_78' title='bbox 228 1418 280 1477; x_wconf 85' lang='lat' dir='ltr'>Est</span> <span class='ocrx_word' id='word_1_79' title='bbox 293 1432 374 1478; x_wconf 88' lang='lat' dir='ltr'>vetus</span> <span class='ocrx_word' id='word_1_80' title='bbox 387 1430 472 1496; x_wconf 85' lang='lat' dir='ltr'>atque</span> <span class='ocrx_word' id='word_1_81' title='bbox 485 1421 598 1495; x_wconf 89' lang='lat' dir='ltr'>probus,</span> <span class='ocrx_word' id='word_1_82' title='bbox 612 1432 728 1479; x_wconf 89' lang='lat' dir='ltr'>centum</span> <span class='ocrx_word' id='word_1_83' title='bbox 743 1422 791 1497; x_wconf 89' lang='lat' dir='ltr'>qui</span> <span class='ocrx_word' id='word_1_84' title='bbox 804 1422 915 1497; x_wconf 89' lang='lat' dir='ltr'>perlicit</span> <span class='ocrx_word' id='word_1_85' title='bbox 928 1441 1067 1480; x_wconf 87' lang='lat' dir='ltr'>annos.-</span> 
     </span>
     <span class='ocr_line' id='line_1_14' title="bbox 228 1498 973 1574; baseline 0.005 -20"><span class='ocrx_word' id='word_1_86' title='bbox 228 1498 320 1571; x_wconf 76' lang='lat' dir='ltr'>Quid,</span> <span class='ocrx_word' id='word_1_87' title='bbox 334 1498 382 1574; x_wconf 92' lang='lat' dir='ltr'>qui</span> <span class='ocrx_word' id='word_1_88' title='bbox 396 1500 516 1574; x_wconf 82' lang='lat' dir='ltr'>deperiit</span> <span class='ocrx_word' id='word_1_89' title='bbox 530 1498 621 1557; x_wconf 92' lang='lat' dir='ltr'>minor</span> <span class='ocrx_word' id='word_1_90' title='bbox 635 1519 694 1558; x_wconf 91' lang='lat' dir='ltr'>uno</span> <span class='ocrx_word' id='word_1_91' title='bbox 706 1519 815 1572; x_wconf 90' lang='lat' dir='ltr'>mense,</span> <span class='ocrx_word' id='word_1_92' title='bbox 829 1499 872 1556; x_wconf 82' lang='lat' dir='ltr'>vel</span> <span class='ocrx_word' id='word_1_93' title='bbox 887 1520 973 1573; x_wconf 89' lang='lat' dir='ltr'>anno,</span> 
     </span>
     <span class='ocr_line' id='line_1_15' title="bbox 229 1576 950 1653; baseline 0.003 -20"><span class='ocrx_word' id='word_1_94' title='bbox 229 1576 306 1635; x_wconf 87' lang='lat' dir='ltr'>Inter</span> <span class='ocrx_word' id='word_1_95' title='bbox 321 1596 393 1653; x_wconf 88' lang='lat' dir='ltr'>quos</span> <span class='ocrx_word' id='word_1_96' title='bbox 406 1577 572 1635; x_wconf 81' lang='lat' dir='ltr'>referendus</span> <span class='ocrx_word' id='word_1_97' title='bbox 585 1578 660 1636; x_wconf 85' lang='lat' dir='ltr'>eritl</span> <span class='ocrx_word' id='word_1_98' title='bbox 681 1590 827 1636; x_wconf 87' lang='lat' dir='ltr'>veteresne</span> <span class='ocrx_word' id='word_1_99' title='bbox 840 1582 950 1653; x_wconf 71' lang='lat' dir='ltr'>poetas,</span> 
     </span>
    </p>

    <p class='ocr_par' dir='ltr' id='par_1_7' title="bbox 228 1657 976 1812">
     <span class='ocr_line' id='line_1_16' title="bbox 228 1657 976 1733; baseline 0.001 -19"><span class='ocrx_word' id='word_1_100' title='bbox 228 1657 277 1714; x_wconf 91' lang='lat' dir='ltr'>An</span> <span class='ocrx_word' id='word_1_101' title='bbox 290 1676 361 1732; x_wconf 90' lang='lat' dir='ltr'>quos</span> <span class='ocrx_word' id='word_1_102' title='bbox 375 1666 404 1713; x_wconf 88' lang='lat' dir='ltr'>et</span> <span class='ocrx_word' id='word_1_103' title='bbox 416 1675 541 1732; x_wconf 73' lang='lat' dir='ltr'>praesens</span> <span class='ocrx_word' id='word_1_104' title='bbox 555 1668 584 1714; x_wconf 94' lang='lat' dir='ltr'>et</span> <span class='ocrx_word' id='word_1_105' title='bbox 596 1669 708 1733; x_wconf 89' lang='lat' dir='ltr'>postera</span> <span class='ocrx_word' id='word_1_106' title='bbox 721 1667 835 1732; x_wconf 89' lang='lat' dir='ltr'>respuet</span> <span class='ocrx_word' id='word_1_107' title='bbox 847 1660 976 1715; x_wconf 80' lang='lat' dir='ltr'>aetasl-</span> 
     </span>
     <span class='ocr_line' id='line_1_17' title="bbox 228 1734 902 1812; baseline 0.001 -21"><span class='ocrx_word' id='word_1_108' title='bbox 228 1734 286 1793; x_wconf 89' lang='lat' dir='ltr'>Iste</span> <span class='ocrx_word' id='word_1_109' title='bbox 299 1734 415 1811; x_wconf 92' lang='lat' dir='ltr'>quidem</span> <span class='ocrx_word' id='word_1_110' title='bbox 430 1746 537 1793; x_wconf 87' lang='lat' dir='ltr'>veteres</span> <span class='ocrx_word' id='word_1_111' title='bbox 551 1736 758 1812; x_wconf 88' lang='lat' dir='ltr'>interponetur</span> <span class='ocrx_word' id='word_1_112' title='bbox 772 1734 902 1807; x_wconf 77' lang='lat' dir='ltr'>honeste,</span> 
     </span>
    </p>

    <p class='ocr_par' dir='ltr' id='par_1_8' title="bbox 228 1813 1031 2124">
     <span class='ocr_line' id='line_1_18' title="bbox 228 1813 980 1890; baseline 0.003 -20"><span class='ocrx_word' id='word_1_113' title='bbox 228 1813 290 1876; x_wconf 76' lang='lat' dir='ltr'>Qui</span> <span class='ocrx_word' id='word_1_114' title='bbox 303 1813 347 1871; x_wconf 91' lang='lat' dir='ltr'>vel</span> <span class='ocrx_word' id='word_1_115' title='bbox 362 1833 461 1871; x_wconf 90' lang='lat' dir='ltr'>mense</span> <span class='ocrx_word' id='word_1_116' title='bbox 475 1814 552 1872; x_wconf 88' lang='lat' dir='ltr'>brevi</span> <span class='ocrx_word' id='word_1_117' title='bbox 566 1814 610 1872; x_wconf 90' lang='lat' dir='ltr'>vel</span> <span class='ocrx_word' id='word_1_118' title='bbox 623 1826 681 1872; x_wconf 90' lang='lat' dir='ltr'>toto</span> <span class='ocrx_word' id='word_1_119' title='bbox 695 1826 738 1872; x_wconf 87' lang='lat' dir='ltr'>est</span> <span class='ocrx_word' id='word_1_120' title='bbox 744 1814 841 1890; x_wconf 90' lang='lat' dir='ltr'>junior</span> <span class='ocrx_word' id='word_1_121' title='bbox 855 1833 980 1872; x_wconf 78' lang='lat' dir='ltr'>anno,-</span> 
     </span>
     <span class='ocr_line' id='line_1_19' title="bbox 228 1892 882 1970; baseline 0 -20"><span class='ocrx_word' id='word_1_122' title='bbox 228 1892 298 1951; x_wconf 83' lang='lat' dir='ltr'>Utor</span> <span class='ocrx_word' id='word_1_123' title='bbox 310 1892 457 1967; x_wconf 89' lang='lat' dir='ltr'>permisso,</span> <span class='ocrx_word' id='word_1_124' title='bbox 472 1894 626 1970; x_wconf 80' lang='lat' dir='ltr'>caudaeque</span> <span class='ocrx_word' id='word_1_125' title='bbox 639 1894 712 1969; x_wconf 92' lang='lat' dir='ltr'>pilos</span> <span class='ocrx_word' id='word_1_126' title='bbox 725 1904 757 1950; x_wconf 91' lang='lat' dir='ltr'>ut</span> <span class='ocrx_word' id='word_1_127' title='bbox 770 1893 882 1969; x_wconf 75' lang='lat' dir='ltr'>equine</span> 
     </span>
     <span class='ocr_line' id='line_1_20' title="bbox 228 1971 1031 2045; baseline 0.004 -17"><span class='ocrx_word' id='word_1_128' title='bbox 228 1971 368 2030; x_wconf 84' lang='lat' dir='ltr'>Paulatim</span> <span class='ocrx_word' id='word_1_129' title='bbox 381 1972 462 2044; x_wconf 87' lang='lat' dir='ltr'>vello,</span> <span class='ocrx_word' id='word_1_130' title='bbox 477 1983 506 2029; x_wconf 91' lang='lat' dir='ltr'>et</span> <span class='ocrx_word' id='word_1_131' title='bbox 519 1974 602 2031; x_wconf 93' lang='lat' dir='ltr'>demo</span> <span class='ocrx_word' id='word_1_132' title='bbox 616 1992 715 2045; x_wconf 90' lang='lat' dir='ltr'>unum,</span> <span class='ocrx_word' id='word_1_133' title='bbox 730 1973 813 2031; x_wconf 89' lang='lat' dir='ltr'>demo</span> <span class='ocrx_word' id='word_1_134' title='bbox 826 1973 912 2031; x_wconf 92' lang='lat' dir='ltr'>etiam</span> <span class='ocrx_word' id='word_1_135' title='bbox 927 1992 1031 2044; x_wconf 81' lang='lat' dir='ltr'>unum3</span> 
     </span>
     <span class='ocr_line' id='line_1_21' title="bbox 229 2050 884 2124; baseline 0.002 -17"><span class='ocrx_word' id='word_1_136' title='bbox 229 2050 306 2108; x_wconf 89' lang='lat' dir='ltr'>Dum</span> <span class='ocrx_word' id='word_1_137' title='bbox 320 2052 413 2123; x_wconf 89' lang='lat' dir='ltr'>cadat,</span> <span class='ocrx_word' id='word_1_138' title='bbox 423 2051 522 2110; x_wconf 79' lang='lat' dir='ltr'>&#39;elusus</span> <span class='ocrx_word' id='word_1_139' title='bbox 536 2052 644 2112; x_wconf 91' lang='lat' dir='ltr'>ratione</span> <span class='ocrx_word' id='word_1_140' title='bbox 658 2051 767 2109; x_wconf 90' lang='lat' dir='ltr'>ruentis</span> <span class='ocrx_word' id='word_1_141' title='bbox 780 2052 884 2124; x_wconf 85' lang='lat' dir='ltr'>acervi,</span> 
     </span>
    </p>

    <p class='ocr_par' dir='ltr' id='par_1_9' title="bbox 228 2129 966 2285">
     <span class='ocr_line' id='line_1_22' title="bbox 228 2129 966 2204; baseline 0.001 -18"><span class='ocrx_word' id='word_1_142' title='bbox 228 2129 290 2192; x_wconf 84' lang='lat' dir='ltr'>Qui</span> <span class='ocrx_word' id='word_1_143' title='bbox 304 2130 378 2188; x_wconf 88' lang='lat' dir='ltr'>redit</span> <span class='ocrx_word' id='word_1_144' title='bbox 390 2131 426 2187; x_wconf 92' lang='lat' dir='ltr'>ad</span> <span class='ocrx_word' id='word_1_145' title='bbox 441 2130 537 2202; x_wconf 72' lang='lat' dir='ltr'>saetosi,</span> <span class='ocrx_word' id='word_1_146' title='bbox 551 2141 581 2188; x_wconf 92' lang='lat' dir='ltr'>et</span> <span class='ocrx_word' id='word_1_147' title='bbox 593 2131 725 2188; x_wconf 91' lang='lat' dir='ltr'>virtutem</span> <span class='ocrx_word' id='word_1_148' title='bbox 739 2132 859 2188; x_wconf 86' lang='lat' dir='ltr'>aestimat</span> <span class='ocrx_word' id='word_1_149' title='bbox 872 2132 966 2204; x_wconf 85' lang='lat' dir='ltr'>annis,</span> 
     </span>
     <span class='ocr_line' id='line_1_23' title="bbox 229 2206 929 2285; baseline 0.001 -20"><span class='ocrx_word' id='word_1_150' title='bbox 229 2206 405 2284; x_wconf 85' lang='lat' dir='ltr'>Miraturque</span> <span class='ocrx_word' id='word_1_151' title='bbox 418 2209 490 2267; x_wconf 91' lang='lat' dir='ltr'>nihil</span> <span class='ocrx_word' id='word_1_152' title='bbox 504 2210 559 2266; x_wconf 91' lang='lat' dir='ltr'>nisi</span> <span class='ocrx_word' id='word_1_153' title='bbox 572 2211 647 2285; x_wconf 92' lang='lat' dir='ltr'>quod</span> <span class='ocrx_word' id='word_1_154' title='bbox 661 2210 788 2267; x_wconf 89' lang='lat' dir='ltr'>Libitina</span> <span class='ocrx_word' id='word_1_155' title='bbox 802 2211 929 2267; x_wconf 85' lang='lat' dir='ltr'>sacravit.</span> 
     </span>
    </p>

    <p class='ocr_par' dir='ltr' id='par_1_10' title="bbox 227 2286 996 2596">
     <span class='ocr_line' id='line_1_24' title="bbox 267 2286 996 2363; baseline 0.001 -19"><span class='ocrx_word' id='word_1_156' title='bbox 267 2286 390 2360; x_wconf 86' lang='lat' dir='ltr'>Ennius,</span> <span class='ocrx_word' id='word_1_157' title='bbox 404 2298 434 2345; x_wconf 92' lang='lat' dir='ltr'>et</span> <span class='ocrx_word' id='word_1_158' title='bbox 446 2288 558 2363; x_wconf 88' lang='lat' dir='ltr'>sapiens</span> <span class='ocrx_word' id='word_1_159' title='bbox 572 2298 601 2345; x_wconf 88' lang='lat' dir='ltr'>et</span> <span class='ocrx_word' id='word_1_160' title='bbox 614 2289 702 2360; x_wconf 83' lang='lat' dir='ltr'>sortis,</span> <span class='ocrx_word' id='word_1_161' title='bbox 716 2300 745 2346; x_wconf 90' lang='lat' dir='ltr'>et</span> <span class='ocrx_word' id='word_1_162' title='bbox 758 2289 828 2346; x_wconf 87' lang='lat' dir='ltr'>alter</span> <span class='ocrx_word' id='word_1_163' title='bbox 842 2289 996 2361; x_wconf 90' lang='lat' dir='ltr'>Homerus,</span> 
     </span>
     <span class='ocr_line' id='line_1_25' title="bbox 228 2365 849 2438; baseline 0.002 -15"><span class='ocrx_word' id='word_1_164' title='bbox 228 2365 268 2423; x_wconf 89' lang='lat' dir='ltr'>Ut</span> <span class='ocrx_word' id='word_1_165' title='bbox 280 2367 373 2425; x_wconf 90' lang='lat' dir='ltr'>critici</span> <span class='ocrx_word' id='word_1_166' title='bbox 387 2368 497 2438; x_wconf 87' lang='lat' dir='ltr'>dicunt,</span> <span class='ocrx_word' id='word_1_167' title='bbox 512 2366 609 2424; x_wconf 85' lang='lat' dir='ltr'>leviter</span> <span class='ocrx_word' id='word_1_168' title='bbox 624 2385 724 2423; x_wconf 89' lang='lat' dir='ltr'>curare</span> <span class='ocrx_word' id='word_1_169' title='bbox 738 2366 849 2424; x_wconf 88' lang='lat' dir='ltr'>videtur</span> 
     </span>
     <span class='ocr_line' id='line_1_26' title="bbox 227 2442 932 2521; baseline -0.007 -14"><span class='ocrx_word' id='word_1_170' title='bbox 227 2442 297 2507; x_wconf 73' lang='lat' dir='ltr'>Quo</span> <span class='ocrx_word' id='word_1_171' title='bbox 311 2446 449 2521; x_wconf 86' lang='lat' dir='ltr'>promissa</span> <span class='ocrx_word' id='word_1_172' title='bbox 463 2446 567 2503; x_wconf 83' lang='lat' dir='ltr'>cadant</span> <span class='ocrx_word' id='word_1_173' title='bbox 581 2455 611 2502; x_wconf 92' lang='lat' dir='ltr'>et</span> <span class='ocrx_word' id='word_1_174' title='bbox 623 2444 734 2502; x_wconf 91' lang='lat' dir='ltr'>somnia</span> <span class='ocrx_word' id='word_1_175' title='bbox 747 2445 932 2521; x_wconf 85' lang='lat' dir='ltr'>Pythagorea</span> 
     </span>
     <span class='ocr_line' id='line_1_27' title="bbox 227 2523 970 2596; baseline 0.001 -15"><span class='ocrx_word' id='word_1_176' title='bbox 227 2523 345 2582; x_wconf 74' lang='lat' dir='ltr'>Navius</span> <span class='ocrx_word' id='word_1_177' title='bbox 356 2525 386 2583; x_wconf 91' lang='lat' dir='ltr'>in</span> <span class='ocrx_word' id='word_1_178' title='bbox 400 2525 532 2582; x_wconf 84' lang='lat' dir='ltr'>manibus</span> <span class='ocrx_word' id='word_1_179' title='bbox 545 2544 603 2583; x_wconf 92' lang='lat' dir='ltr'>non</span> <span class='ocrx_word' id='word_1_180' title='bbox 616 2533 669 2596; x_wconf 89' lang='lat' dir='ltr'>est,</span> <span class='ocrx_word' id='word_1_181' title='bbox 683 2535 712 2581; x_wconf 90' lang='lat' dir='ltr'>et</span> <span class='ocrx_word' id='word_1_182' title='bbox 724 2524 868 2582; x_wconf 87' lang='lat' dir='ltr'>mentibus</span> <span class='ocrx_word' id='word_1_183' title='bbox 882 2525 970 2582; x_wconf 84' lang='lat' dir='ltr'>haeret</span> 
     </span>
    </p>
   </div>
   <div class='ocr_carea' id='block_1_3' title="bbox 228 2601 1101 2679">
    <p class='ocr_par' dir='ltr' id='par_1_11' title="bbox 228 2601 1101 2679">
     <span class='ocr_line' id='line_1_28' title="bbox 228 2601 1101 2679; baseline -0.005 -19"><span class='ocrx_word' id='word_1_184' title='bbox 228 2602 307 2661; x_wconf 74' lang='lat' dir='ltr'>Perre</span> <span class='ocrx_word' id='word_1_185' title='bbox 321 2624 432 2677; x_wconf 89' lang='lat' dir='ltr'>recens,</span> <span class='ocrx_word' id='word_1_186' title='bbox 447 2601 519 2662; x_wconf 77' lang='lat' dir='ltr'>adeo</span> <span class='ocrx_word' id='word_1_187' title='bbox 534 2614 664 2661; x_wconf 88' lang='lat' dir='ltr'>sanctum</span> <span class='ocrx_word' id='word_1_188' title='bbox 678 2615 722 2661; x_wconf 89' lang='lat' dir='ltr'>est</span> <span class='ocrx_word' id='word_1_189' title='bbox 735 2615 815 2661; x_wconf 90' lang='lat' dir='ltr'>vetus</span> <span class='ocrx_word' id='word_1_190' title='bbox 828 2622 912 2661; x_wconf 89' lang='lat' dir='ltr'>omne</span> <span class='ocrx_word' id='word_1_191' title='bbox 925 2606 1037 2679; x_wconf 74' lang='lat' dir='ltr'>poema</span> <span class='ocrx_word' id='word_1_192' title='bbox 1095 2647 1101 2656; x_wconf 88' lang='lat'><em>.</em></span> 
     </span>
    </p>
   </div>
   <div class='ocr_carea' id='block_1_4' title="bbox 214 2682 1068 4019">
    <p class='ocr_par' dir='ltr' id='par_1_12' title="bbox 227 2682 923 2833">
     <span class='ocr_line' id='line_1_29' title="bbox 228 2682 923 2760; baseline 0.001 -20"><span class='ocrx_word' id='word_1_193' title='bbox 228 2683 393 2760; x_wconf 87' lang='lat' dir='ltr'>Ambigitur</span> <span class='ocrx_word' id='word_1_194' title='bbox 406 2682 515 2759; x_wconf 88' lang='lat' dir='ltr'>quoties</span> <span class='ocrx_word' id='word_1_195' title='bbox 529 2693 591 2740; x_wconf 84' lang='lat' dir='ltr'>uter</span> <span class='ocrx_word' id='word_1_196' title='bbox 605 2693 669 2741; x_wconf 92' lang='lat' dir='ltr'>utro</span> <span class='ocrx_word' id='word_1_197' title='bbox 682 2683 719 2740; x_wconf 87' lang='lat' dir='ltr'>sit</span> <span class='ocrx_word' id='word_1_198' title='bbox 730 2682 816 2759; x_wconf 92' lang='lat' dir='ltr'>prior,</span> <span class='ocrx_word' id='word_1_199' title='bbox 832 2683 923 2742; x_wconf 87' lang='lat' dir='ltr'>aufert</span> 
     </span>
     <span class='ocr_line' id='line_1_30' title="bbox 227 2760 876 2833; baseline 0 -14"><span class='ocrx_word' id='word_1_200' title='bbox 227 2760 370 2820; x_wconf 88' lang='lat' dir='ltr'>Pacuvius</span> <span class='ocrx_word' id='word_1_201' title='bbox 384 2762 460 2820; x_wconf 91' lang='lat' dir='ltr'>docti</span> <span class='ocrx_word' id='word_1_202' title='bbox 475 2763 578 2819; x_wconf 89' lang='lat' dir='ltr'>samam</span> <span class='ocrx_word' id='word_1_203' title='bbox 592 2762 679 2833; x_wconf 86' lang='lat' dir='ltr'>senis,</span> <span class='ocrx_word' id='word_1_204' title='bbox 693 2762 797 2819; x_wconf 85' lang='lat' dir='ltr'>Actius</span> <span class='ocrx_word' id='word_1_205' title='bbox 810 2762 876 2831; x_wconf 90' lang='lat' dir='ltr'>alti;</span> 
     </span>
    </p>

    <p class='ocr_par' dir='ltr' id='par_1_13' title="bbox 228 2839 1009 3076">
     <span class='ocr_line' id='line_1_31' title="bbox 228 2839 909 2917; baseline 0.003 -20"><span class='ocrx_word' id='word_1_206' title='bbox 228 2840 342 2899; x_wconf 90' lang='lat' dir='ltr'>Dicitur</span> <span class='ocrx_word' id='word_1_207' title='bbox 356 2840 458 2899; x_wconf 86' lang='lat' dir='ltr'>Afrani</span> <span class='ocrx_word' id='word_1_208' title='bbox 471 2852 537 2917; x_wconf 83' lang='lat' dir='ltr'>toga</span> <span class='ocrx_word' id='word_1_209' title='bbox 551 2842 718 2899; x_wconf 88' lang='lat' dir='ltr'>convenisse</span> <span class='ocrx_word' id='word_1_210' title='bbox 731 2839 893 2899; x_wconf 85' lang='lat' dir='ltr'>Menandro</span> <span class='ocrx_word' id='word_1_211' title='bbox 901 2861 909 2911; x_wconf 89' lang='lat'>;</span> 
     </span>
     <span class='ocr_line' id='line_1_32' title="bbox 228 2919 1009 2996; baseline 0 -19"><span class='ocrx_word' id='word_1_212' title='bbox 228 2919 345 2978; x_wconf 89' lang='lat' dir='ltr'>Plautus</span> <span class='ocrx_word' id='word_1_213' title='bbox 359 2922 395 2977; x_wconf 92' lang='lat' dir='ltr'>ad</span> <span class='ocrx_word' id='word_1_214' title='bbox 408 2920 549 2996; x_wconf 83' lang='lat' dir='ltr'>exemplar</span> <span class='ocrx_word' id='word_1_215' title='bbox 564 2921 654 2978; x_wconf 84' lang='lat' dir='ltr'>Siculi</span> <span class='ocrx_word' id='word_1_216' title='bbox 667 2940 816 2996; x_wconf 88' lang='lat' dir='ltr'>properare</span> <span class='ocrx_word' id='word_1_217' title='bbox 830 2919 1009 2996; x_wconf 89' lang='lat' dir='ltr'>Epicharmi;</span> 
     </span>
     <span class='ocr_line' id='line_1_33' title="bbox 228 2998 914 3076; baseline 0.001 -20"><span class='ocrx_word' id='word_1_218' title='bbox 228 2998 354 3057; x_wconf 81' lang='lat' dir='ltr'>Vincere</span> <span class='ocrx_word' id='word_1_219' title='bbox 368 3000 502 3057; x_wconf 86' lang='lat' dir='ltr'>Caecilius</span> <span class='ocrx_word' id='word_1_220' title='bbox 515 3001 662 3076; x_wconf 86' lang='lat' dir='ltr'>gravitate,</span> <span class='ocrx_word' id='word_1_221' title='bbox 676 2999 832 3058; x_wconf 90' lang='lat' dir='ltr'>Terentius</span> <span class='ocrx_word' id='word_1_222' title='bbox 845 3011 914 3057; x_wconf 74' lang='lat' dir='ltr'>arte,</span> 
     </span>
    </p>

    <p class='ocr_par' dir='ltr' id='par_1_14' title="bbox 228 3077 856 3153">
     <span class='ocr_line' id='line_1_34' title="bbox 228 3077 856 3153; baseline 0.002 -18"><span class='ocrx_word' id='word_1_223' title='bbox 228 3077 291 3136; x_wconf 92' lang='lat' dir='ltr'>Hos</span> <span class='ocrx_word' id='word_1_224' title='bbox 304 3079 416 3151; x_wconf 90' lang='lat' dir='ltr'>ediscit,</span> <span class='ocrx_word' id='word_1_225' title='bbox 431 3079 524 3136; x_wconf 88' lang='lat' dir='ltr'>ethos</span> <span class='ocrx_word' id='word_1_226' title='bbox 538 3091 615 3138; x_wconf 88' lang='lat' dir='ltr'>arcto</span> <span class='ocrx_word' id='word_1_227' title='bbox 630 3079 732 3153; x_wconf 89' lang='lat' dir='ltr'>stipata</span> <span class='ocrx_word' id='word_1_228' title='bbox 745 3079 856 3136; x_wconf 88' lang='lat' dir='ltr'>theatro</span> 
     </span>
    </p>

    <p class='ocr_par' dir='ltr' id='par_1_15' title="bbox 228 3158 1068 3467">
     <span class='ocr_line' id='line_1_35' title="bbox 229 3158 1068 3233; baseline -0.002 -20"><span class='ocrx_word' id='word_1_229' title='bbox 229 3158 346 3233; x_wconf 83' lang='lat' dir='ltr'>Spectat</span> <span class='ocrx_word' id='word_1_230' title='bbox 359 3158 455 3217; x_wconf 85' lang='lat' dir='ltr'>Roma</span> <span class='ocrx_word' id='word_1_231' title='bbox 467 3168 583 3233; x_wconf 81' lang='lat' dir='ltr'>potens3</span> <span class='ocrx_word' id='word_1_232' title='bbox 605 3158 691 3214; x_wconf 91' lang='lat' dir='ltr'>habet</span> <span class='ocrx_word' id='word_1_233' title='bbox 704 3158 756 3213; x_wconf 92' lang='lat' dir='ltr'>hos</span> <span class='ocrx_word' id='word_1_234' title='bbox 769 3167 955 3230; x_wconf 89' lang='lat' dir='ltr'>numeratque</span> <span class='ocrx_word' id='word_1_235' title='bbox 968 3158 1068 3231; x_wconf 89' lang='lat' dir='ltr'>po&#39;e&#39;tas</span> 
     </span>
     <span class='ocr_line' id='line_1_36' title="bbox 228 3234 913 3312; baseline -0.006 -19"><span class='ocrx_word' id='word_1_236' title='bbox 228 3236 276 3293; x_wconf 92' lang='lat' dir='ltr'>Ad</span> <span class='ocrx_word' id='word_1_237' title='bbox 290 3248 420 3295; x_wconf 90' lang='lat' dir='ltr'>nostrum</span> <span class='ocrx_word' id='word_1_238' title='bbox 433 3248 545 3312; x_wconf 91' lang='lat' dir='ltr'>tempus</span> <span class='ocrx_word' id='word_1_239' title='bbox 559 3234 623 3293; x_wconf 85' lang='lat' dir='ltr'>Livi</span> <span class='ocrx_word' id='word_1_240' title='bbox 638 3234 783 3309; x_wconf 88' lang='lat' dir='ltr'>scriptoris</span> <span class='ocrx_word' id='word_1_241' title='bbox 797 3236 833 3290; x_wconf 91' lang='lat' dir='ltr'>ab</span> <span class='ocrx_word' id='word_1_242' title='bbox 847 3253 913 3290; x_wconf 85' lang='lat' dir='ltr'>aevo.</span> 
     </span>
     <span class='ocr_line' id='line_1_37' title="bbox 228 3312 973 3392; baseline -0.004 -21"><span class='ocrx_word' id='word_1_243' title='bbox 228 3314 377 3373; x_wconf 88' lang='lat' dir='ltr'>Interdum</span> <span class='ocrx_word' id='word_1_244' title='bbox 391 3316 492 3392; x_wconf 85' lang='lat' dir='ltr'>vulgus</span> <span class='ocrx_word' id='word_1_245' title='bbox 507 3325 617 3371; x_wconf 91' lang='lat' dir='ltr'>rectum</span> <span class='ocrx_word' id='word_1_246' title='bbox 632 3312 725 3381; x_wconf 85' lang='lat' dir='ltr'>videt;</span> <span class='ocrx_word' id='word_1_247' title='bbox 746 3323 790 3369; x_wconf 89' lang='lat' dir='ltr'>est</span> <span class='ocrx_word' id='word_1_248' title='bbox 802 3312 852 3368; x_wconf 93' lang='lat' dir='ltr'>ubi</span> <span class='ocrx_word' id='word_1_249' title='bbox 864 3322 973 3387; x_wconf 89' lang='lat' dir='ltr'>peccat.</span> 
     </span>
     <span class='ocr_line' id='line_1_38' title="bbox 228 3391 857 3467; baseline -0.005 -16"><span class='ocrx_word' id='word_1_250' title='bbox 228 3394 261 3451; x_wconf 86' lang='lat' dir='ltr'>Si</span> <span class='ocrx_word' id='word_1_251' title='bbox 274 3406 383 3453; x_wconf 87' lang='lat' dir='ltr'>veteres</span> <span class='ocrx_word' id='word_1_252' title='bbox 398 3395 437 3451; x_wconf 88' lang='lat' dir='ltr'>ita</span> <span class='ocrx_word' id='word_1_253' title='bbox 450 3393 568 3451; x_wconf 88' lang='lat' dir='ltr'>miratur</span> <span class='ocrx_word' id='word_1_254' title='bbox 582 3391 734 3466; x_wconf 91' lang='lat' dir='ltr'>laudatque</span> <span class='ocrx_word' id='word_1_255' title='bbox 748 3395 857 3467; x_wconf 72' lang='lat' dir='ltr'>poetas,</span> 
     </span>
    </p>

    <p class='ocr_par' dir='ltr' id='par_1_16' title="bbox 227 3470 940 3546">
     <span class='ocr_line' id='line_1_39' title="bbox 227 3470 940 3546; baseline -0.004 -16"><span class='ocrx_word' id='word_1_256' title='bbox 227 3472 267 3531; x_wconf 88' lang='lat' dir='ltr'>Ut</span> <span class='ocrx_word' id='word_1_257' title='bbox 279 3473 351 3531; x_wconf 92' lang='lat' dir='ltr'>nihil</span> <span class='ocrx_word' id='word_1_258' title='bbox 362 3473 510 3544; x_wconf 87' lang='lat' dir='ltr'>anteferat,</span> <span class='ocrx_word' id='word_1_259' title='bbox 524 3472 596 3529; x_wconf 92' lang='lat' dir='ltr'>nihil</span> <span class='ocrx_word' id='word_1_260' title='bbox 610 3470 666 3541; x_wconf 88' lang='lat' dir='ltr'>illis</span> <span class='ocrx_word' id='word_1_261' title='bbox 680 3482 832 3546; x_wconf 89' lang='lat' dir='ltr'>comparet,</span> <span class='ocrx_word' id='word_1_262' title='bbox 846 3479 940 3527; x_wconf 85' lang='lat' dir='ltr'>errat:</span> 
     </span>
    </p>

    <p class='ocr_par' dir='ltr' id='par_1_17' title="bbox 227 3546 915 3705">
     <span class='ocr_line' id='line_1_40' title="bbox 229 3546 915 3628; baseline -0.004 -19"><span class='ocrx_word' id='word_1_263' title='bbox 229 3552 261 3609; x_wconf 82' lang='lat' dir='ltr'>si</span> <span class='ocrx_word' id='word_1_264' title='bbox 274 3554 404 3628; x_wconf 79' lang='lat' dir='ltr'>quaedam</span> <span class='ocrx_word' id='word_1_265' title='bbox 418 3550 504 3608; x_wconf 88' lang='lat' dir='ltr'>nimis</span> <span class='ocrx_word' id='word_1_266' title='bbox 517 3548 643 3626; x_wconf 70' lang='lat' dir='ltr'>antique,</span> <span class='ocrx_word' id='word_1_267' title='bbox 658 3550 682 3606; x_wconf 90' lang='lat' dir='ltr'>si</span> <span class='ocrx_word' id='word_1_268' title='bbox 697 3550 828 3625; x_wconf 91' lang='lat' dir='ltr'>pleraque</span> <span class='ocrx_word' id='word_1_269' title='bbox 843 3546 915 3606; x_wconf 70' lang='lat' dir='ltr'>dure</span> 
     </span>
     <span class='ocr_line' id='line_1_41' title="bbox 227 3626 838 3705; baseline -0.003 -18"><span class='ocrx_word' id='word_1_270' title='bbox 227 3630 332 3689; x_wconf 90' lang='lat' dir='ltr'>Dicere</span> <span class='ocrx_word' id='word_1_271' title='bbox 345 3632 424 3689; x_wconf 91' lang='lat' dir='ltr'>cedit</span> <span class='ocrx_word' id='word_1_272' title='bbox 436 3649 494 3702; x_wconf 88' lang='lat' dir='ltr'>eos,</span> <span class='ocrx_word' id='word_1_273' title='bbox 505 3626 608 3705; x_wconf 71' lang='lat' dir='ltr'>ignave</span> <span class='ocrx_word' id='word_1_274' title='bbox 623 3628 712 3686; x_wconf 86' lang='lat' dir='ltr'>multa</span> <span class='ocrx_word' id='word_1_275' title='bbox 726 3629 838 3701; x_wconf 87' lang='lat' dir='ltr'>fatetur,</span> 
     </span>
    </p>

    <p class='ocr_par' dir='ltr' id='par_1_18' title="bbox 214 3708 979 4019">
     <span class='ocr_line' id='line_1_42' title="bbox 227 3708 973 3787; baseline -0.001 -20"><span class='ocrx_word' id='word_1_276' title='bbox 227 3709 265 3767; x_wconf 90' lang='lat' dir='ltr'>Et</span> <span class='ocrx_word' id='word_1_277' title='bbox 278 3710 361 3787; x_wconf 88' lang='lat' dir='ltr'>sapit,</span> <span class='ocrx_word' id='word_1_278' title='bbox 375 3720 405 3767; x_wconf 88' lang='lat' dir='ltr'>et</span> <span class='ocrx_word' id='word_1_279' title='bbox 417 3727 531 3766; x_wconf 90' lang='lat' dir='ltr'>mecum</span> <span class='ocrx_word' id='word_1_280' title='bbox 545 3708 622 3781; x_wconf 92' lang='lat' dir='ltr'>facit,</span> <span class='ocrx_word' id='word_1_281' title='bbox 636 3719 666 3765; x_wconf 94' lang='lat' dir='ltr'>et</span> <span class='ocrx_word' id='word_1_282' title='bbox 679 3708 749 3765; x_wconf 84' lang='lat' dir='ltr'>Jove</span> <span class='ocrx_word' id='word_1_283' title='bbox 761 3708 871 3784; x_wconf 87' lang='lat' dir='ltr'>judicat</span> <span class='ocrx_word' id='word_1_284' title='bbox 884 3726 973 3783; x_wconf 84' lang='lat' dir='ltr'>aequo.</span> 
     </span>
     <span class='ocr_line' id='line_1_43' title="bbox 227 3786 979 3866; baseline -0.003 -20"><span class='ocrx_word' id='word_1_285' title='bbox 227 3788 295 3848; x_wconf 90' lang='lat' dir='ltr'>Non</span> <span class='ocrx_word' id='word_1_286' title='bbox 309 3789 442 3866; x_wconf 87' lang='lat' dir='ltr'>equidem</span> <span class='ocrx_word' id='word_1_287' title='bbox 456 3788 589 3859; x_wconf 87' lang='lat' dir='ltr'>insector,</span> <span class='ocrx_word' id='word_1_288' title='bbox 603 3787 760 3845; x_wconf 86' lang='lat' dir='ltr'>delendave</span> <span class='ocrx_word' id='word_1_289' title='bbox 774 3787 902 3844; x_wconf 90' lang='lat' dir='ltr'>carmina</span> <span class='ocrx_word' id='word_1_290' title='bbox 916 3786 979 3844; x_wconf 85' lang='lat' dir='ltr'>Livi</span> 
     </span>
     <span class='ocr_line' id='line_1_44' title="bbox 214 3866 941 3943; baseline -0.011 -12"><span class='ocrx_word' id='word_1_291' title='bbox 214 3867 300 3931; x_wconf 83' lang='lat' dir='ltr'>,Esse</span> <span class='ocrx_word' id='word_1_292' title='bbox 313 3888 387 3942; x_wconf 87' lang='lat' dir='ltr'>reor,</span> <span class='ocrx_word' id='word_1_293' title='bbox 401 3867 519 3925; x_wconf 89' lang='lat' dir='ltr'>memini</span> <span class='ocrx_word' id='word_1_294' title='bbox 533 3886 596 3943; x_wconf 84' lang='lat' dir='ltr'>quae</span> <span class='ocrx_word' id='word_1_295' title='bbox 609 3868 756 3943; x_wconf 85' lang='lat' dir='ltr'>plagosum</span> <span class='ocrx_word' id='word_1_296' title='bbox 770 3866 840 3923; x_wconf 91' lang='lat' dir='ltr'>mihi</span> <span class='ocrx_word' id='word_1_297' title='bbox 854 3885 941 3940; x_wconf 87' lang='lat' dir='ltr'>parvo</span> 
     </span>
     <span class='ocr_line' id='line_1_45' title="bbox 226 3945 862 4019; baseline -0.008 -13"><span class='ocrx_word' id='word_1_298' title='bbox 226 3948 370 4007; x_wconf 91' lang='lat' dir='ltr'>Orbilium</span> <span class='ocrx_word' id='word_1_299' title='bbox 384 3948 492 4006; x_wconf 86' lang='lat' dir='ltr'>dictare</span> <span class='ocrx_word' id='word_1_300' title='bbox 504 3968 511 4019; x_wconf 91' lang='lat'>;</span> <span class='ocrx_word' id='word_1_301' title='bbox 533 3948 584 4005; x_wconf 90' lang='lat' dir='ltr'>sed</span> <span class='ocrx_word' id='word_1_302' title='bbox 597 3946 749 4005; x_wconf 89' lang='lat' dir='ltr'>emendata</span> <span class='ocrx_word' id='word_1_303' title='bbox 762 3945 862 4017; x_wconf 89' lang='lat' dir='ltr'>videri,</span> 
     </span>
    </p>
   </div>
   <div class='ocr_carea' id='block_1_5' title="bbox 1138 716 1177 773">
    <p class='ocr_par' dir='ltr' id='par_1_19' title="bbox 1138 716 1177 773">
     <span class='ocr_line' id='line_1_46' title="bbox 1138 716 1177 773; baseline 0 0"><span class='ocrx_word' id='word_1_304' title='bbox 1138 716 1177 773; x_wconf 82' lang='lat'>30</span> 
     </span>
    </p>
   </div>
   <div class='ocr_carea' id='block_1_6' title="bbox 0 0 1314 4442">
    <p class='ocr_par' dir='ltr' id='par_1_20' title="bbox 0 0 1314 4442">
     <span class='ocr_line' id='line_1_47' title="bbox 0 0 1314 4442; baseline 0 0"><span class='ocrx_word' id='word_1_305' title='bbox 0 0 1314 4442; x_wconf 95' lang='lat' dir='ltr'> </span> 
     </span>
    </p>
   </div>
  </div>
 </body>
</html>
