2617 4442
479 350 685 402 SATIRARUM
703 351 769 399 LlB.
787 351 823 400 11.
840 352 865 398 8.
1106 350 1160 409 121

209 502 321 559 Verum
333 498 372 557 ob
385 495 535 555 consilium
550 496 658 555 donent
671 494 801 554 tonsore!
836 492 897 551 Sed
912 490 990 551 unde

208 580 287 638 'I'am
300 580 375 636 bene
389 595 435 634 me
448 574 544 635 nostit

579 722 755 757 DAMASIPPUS·

645 809 800 885 Postquam
813 807 908 867 omnis
919 825 966 865 res
978 823 1043 865 mea
1056 804 1163 865 Janum

211 895 261 952 Ad
274 890 401 949 medium
415 889 505 947 fracta
517 898 571 961 est,
585 888 680 947 aliena
690 888 806 965 negotia
818 906 898 960 curo,

211 975 357 1032 Exoussus
369 969 497 1046 propriis.
532 967 611 1025 Olim
626 986 696 1025 nam
708 985 835 1043 quaerere
849 965 980 1025 amabam
1123 965 1165 1024 2⁰

209 1053 280 1115 Quo
293 1050 369 1108 vafer
382 1050 430 1107 ille
442 1048 531 1125 pedes
543 1046 658 1105 lavisset
671 1047 809 1121 Sisyphus
823 1064 888 1119 aere,

210 1131 294 1193 Quid
307 1130 450 1206 sculptum
464 1124 585 1199 infabre,
599 1126 668 1202 quid
683 1126 778 1184 firsum
792 1122 892 1184 durius
902 1134 978 1183 esset
986 1145 996 1197 3

213 1210 344 1268 Callidus
357 1209 425 1266 huic
436 1208 517 1284 signo
530 1206 671 1283 ponebam
685 1204 773 1262 millia
786 1214 903 1262 centum
915 1224 923 1276 ;

212 1289 318 1348 Hortos
332 1288 516 1365 egregiasque
530 1286 629 1344 domos
643 1284 796 1343 mercarier
809 1302 886 1341 unus

213 1369 289 1427 Cum
302 1368 381 1427 lucro
392 1366 509 1425 noram:
530 1365 608 1423 unde
622 1363 782 1439 frequentia
793 1361 968 1422 Mercuriale
1125 1361 1166 1420 25

214 1445 382 1525 Imposuere
395 1446 467 1505 mihi
481 1463 641 1521 cognomen
655 1443 790 1519 compita.

597 1591 744 1625 neamus.

215 1762 254 1821 Et
265 1760 356 1821 morbi
369 1760 456 1819 miror
469 1768 620 1837 purgatum
633 1768 664 1816 te
677 1757 761 1815 illius.
845 1676 938 1736 Non·

581 1906 758 1942 DAUASIPPUS.

214 2076 328 2136 Emovit
341 2086 464 2135 veterem
477 2072 549 2133 mire
564 2094 664 2147 novus,
678 2085 710 2133 ut
722 2074 804 2147 solet,
819 1994 864 2132 iri³
863 2004 929 2133 ctbb1¹

215 2156 351 2232 Trajecto
365 2155 461 2213 lateris
474 2154 569 2212 miseri
584 2154 740 2231 capitisque
754 2153 869 2212 doloro:

215 2236 254 2294 Ut
267 2234 440 2312 lethargicus
453 2234 512 2305 hic,
525 2252 613 2309 quum
626 2233 659 2293 tit
671 2233 760 2311 pugil,
774 2242 804 2291 et
810 2232 958 2311 medicum
971 2243 1062 2309 urget
1128 2233 1168 2292 30

597 2378 744 2414 HORATIUS·

215 2470 293 2529 Dum
305 2467 424 2545 nequid
437 2466 530 2526 simile
543 2466 622 2541 huic,
636 2476 698 2524 esto
711 2477 743 2524 ut
754 2466 833 2525 libet.

583 2614 759 2650 DAMASIPPUS.

385 2778 389 2785 ι
847 2702 974 2779 Obone,
988 2717 1069 2765 nete

216 2786 379 2855 Frustrere;
400 2782 509 2841 insanis
522 2794 551 2841 et
564 2792 605 2857 tu,
619 2782 752 2859 stultique
765 2780 854 2860 prope
868 2803 979 2858 omnes,

216 2866 248 2923 Si
261 2866 329 2941 quid
345 2863 498 2923 Stertinius
511 2862 569 2920 veri
584 2873 700 2939 crepat3
714 2863 792 2921 unde
802 2882 857 2940 ego
870 2864 943 2922 mira

215 2944 361 3021 Descripei
375 2942 475 3001 docilis
488 2952 630 3033 praecepta
643 2943 716 3015 haeo,
730 2953 858 3019 tempore
871 2962 927 3020 quo
940 2962 988 3002 me

216 3024 329 3082 Solatus
340 3022 423 3099 jussit
437 3031 594 3097 sapientem
607 3040 725 3097 pascere
739 3022 866 3093 barbam,
1127 3024 1167 3081 35

215 3104 311 3179 Atque
325 3122 341 3160 e
356 3100 488 3159 Fabricio
502 3120 560 3159 non
575 3100 685 3157 tristem
698 3112 784 3176 ponte
798 3100 909 3159 reverti.

215 3180 293 3239 Nam
307 3178 381 3239 malti
396 3199 427 3237 re
441 3179 521 3255 gesta
534 3197 623 3253 quum
636 3179 739 3235 vellem
753 3179 865 3236 mittere
878 3189 977 3255 operto

216 3260 266 3317 Me
279 3261 371 3337 capite
385 3259 415 3316 in
430 3256 546 3327 flumen,
560 3257 660 3315 dexter
673 3256 768 3313 stetit:
789 3267 828 3328 et,
849 3257 957 3315 “Cave
971 3256 1042 3315 faxis

216 3340 262 3397 Te
275 3339 428 3415 quidquam
442 3336 610 3412 indignum
631 3335 751 3410 pudor,''
765 3334 867 3410 inquit,
883 3338 939 3393 “te
959 3336 1051 3394 malus
1063 3349 1156 3414 urget,

215 3419 336 3477 Insanos
349 3417 397 3494 qui
410 3416 484 3473 inter
498 3432 612 3472 vereare
626 3413 744 3471 insanus
758 3413 864 3471 baberi.
1126 3416 1167 3475 40

214 3494 344 3557 Primum
357 3515 425 3554 nam
436 3492 577 3569 inquiram
590 3493 659 3569 quid
673 3492 710 3550 sit
723 3493 814 3551 furere
827 3512 833 3550 :
855 3493 911 3552 hoc
923 3493 948 3552 si
960 3493 1016 3554 erit
1027 3494 1059 3554 in
1071 3507 1100 3555 te

216 3577 293 3649 Solo,
307 3575 347 3634 nil
362 3574 451 3647 serbi,
464 3591 565 3649 pereas
578 3573 647 3649 quin
663 3573 779 3645 fortiter,
794 3572 905 3631 addam.

213 3656 314 3718 Quem
328 3654 404 3713 mala
417 3651 536 3711 stultitia
548 3662 577 3709 et
590 3670 790 3728 quemcunque
801 3651 915 3711 inscitia
928 3652 988 3711 veri

214 3733 335 3792 Cocum
349 3732 417 3810 agit,
432 3731 564 3789 insanum
579 3731 731 3807 Chrysippi
745 3730 871 3809 porticus
883 3741 914 3789 et
976 3751 996 3790 x
1051 3747 1053 3752 ·

215 3812 364 3872 Autumat
399 3811 473 3869 Haec
485 3810 612 3886 populos,
627 3812 690 3867 haec
703 3830 823 3887 magnos
836 3809 907 3868 form
938 3829 1060 3887 aroges,
1126 3811 1166 3869 45

214 3890 344 3968 Excepto
357 3891 495 3967 sapiente,
506 3900 592 3947 tenet.
626 3889 717 3947 Nunc
730 3890 830 3966 accipe
842 3907 930 3964 quare
