2617 4442
511 435 714 485 CARMINUM
730 437 796 487 LIB.
815 439 864 489 111.

387 576 510 637 Custos:
530 589 686 638 amatorem
700 591 837 641 trecente

426 657 586 718 Pirithoiim
600 661 738 720 cohibent
751 672 870 720 catenae.

624 1017 711 1077 ODE
723 1018 760 1078 V.

345 1139 439 1200 (imao
452 1147 601 1197 tonantem
614 1137 789 1196 credidimus
802 1136 904 1197 Jovem

345 1220 499 1297 Regnare:
518 1235 644 1296 praesens
657 1217 740 1275 divus
753 1218 903 1277 habebitur

384 1301 544 1375 Augustus,
558 1297 678 1374 adjectis
692 1296 837 1356 Britannis

424 1377 559 1454 Imperio,
573 1377 763 1454 gravibusque
777 1377 879 1436 Persis

346 1457 469 1516 Milesne
483 1457 582 1513 Crassi
594 1456 717 1531 eonjuge
731 1455 852 1514 barbara

345 1536 455 1613 Turpis
467 1535 586 1592 maritus
599 1535 683 1591 vixit!
705 1544 735 1591 et
747 1535 871 1592 hostium

388 1615 479 1694 (Proh
493 1613 583 1685 ouria,
597 1610 757 1686 inversique
771 1614 893 1694 moreat)

425 1692 586 1770 consenuit
599 1709 762 1750 socerorum
775 1693 805 1749 in
819 1694 902 1764 arvis,

345 1776 406 1835 Sub
420 1793 487 1850 rege
501 1771 599 1843 Medo,
614 1769 729 1827 Marsus
742 1781 771 1828 et
784 1772 925 1848 Appulus,

345 1855 524 1915 Anoiliorum
538 1861 567 1908 et
580 1849 706 1909 nominis
718 1860 747 1906 et
760 1860 834 1927 togae

383 1933 509 2004 Oblitus,
524 1940 694 2004 aeternaeque
708 1929 815 2003 Vestae,

402 2009 404 2014 ’
422 2010 565 2070 Inoolumi
578 2008 652 2068 Jove
665 2018 695 2066 et
707 2009 778 2066 urbe
792 2009 906 2070 Romal

343 2094 409 2158 Hoc
423 2102 537 2150 caverat
549 2107 631 2146 mens
644 2088 762 2163 provida
774 2089 892 2166 Reguli,

344 2170 547 2231 Dissentientis
561 2166 774 2225 conditionibus

381 2250 489 2322 Foedis,
503 2260 533 2306 et
545 2246 676 2321 exemplo
688 2246 812 2304 trahenti

420 2328 583 2386 Perniciem
596 2325 715 2380 veniens
728 2323 758 2379 in
773 2344 874 2397 aevum,

345 2411 377 2469 Si
391 2426 450 2467 non
462 2406 568 2482 periret
581 2401 791 2460 immiserabilis

343 2487 464 2566 Captiva
476 2485 575 2562 pubes.
610 2486 629 2513 “
638 2481 730 2558 Signa
743 2500 797 2558 ego
810 2481 928 2541 Punicis

384 2566 481 2626 Affixa
494 2561 628 2635 delubris,
642 2572 672 2619 et
685 2580 764 2618 arma

421 2644 562 2703 Militibus
575 2643 637 2700 sine
651 2641 760 2713 oaede,”
771 2641 853 2715 dixit,

343 2733 362 2760 ‘⁴
374 2726 494 2802 Direptu
506 2723 582 2781 vidi:
603 2721 662 2780 vidi
676 2740 730 2797 ego
744 2721 850 2778 civium

342 2807 463 2866 Retorta
476 2815 556 2880 tergo
570 2801 689 2860 braohia
700 2800 801 2873 libero,

352 2905 354 2908 ·
382 2886 537 2960 Portasque
551 2901 609 2939 non
624 2881 745 2953 elausas,
759 2891 789 2937 et
802 2898 869 2937 arva

421 2962 517 3021 Marte
528 2960 585 3020 ooli
597 2959 731 3036 populata
744 2967 850 3017 nostro.

342 3044 423 3102 Auro
435 3060 573 3120 repensus
586 3040 697 3097 scilieet
711 3039 803 3096 aerior

341 3122 427 3180 Miles
440 3121 562 3180 redibit‘l
595 3118 720 3194 Flagitio
733 3116 837 3175 additis

380 3202 534 3260 Damnum.
566 3196 670 3272 Neque
684 3197 801 3254 amissos
815 3195 925 3252 colores

419 3279 502 3337 Lana
514 3277 601 3335 refert
614 3275 757 3331 medioata
770 3274 850 3341 fuoo3

341 3360 372 3417 N
373 3376 408 3416 eo
420 3376 487 3415 vera
500 3356 598 3426 virtus,
612 3371 700 3428 quum
715 3351 803 3409 semel
817 3351 933 3427 excidit,

341 3440 433 3497 Curat
443 3434 542 3512 reponi
557 3432 751 3490 deterioribus.

381 3517 413 3574 Si
426 3525 536 3592 pugnat
546 3512 684 3571 extricata
697 3510 794 3568 densis

357 3615 361 3628 ¹
419 3593 512 3652 Cerva
524 3591 631 3669 plagis3
652 3591 706 3649 erit
717 3591 764 3649 ille
778 3590 867 3664 fortis,

340 3674 404 3739 Qui
417 3673 532 3751 perfidis
546 3691 576 3730 se
590 3671 712 3730 credidit
726 3671 872 3742 hostibus;

342 3754 381 3813 Et
394 3753 488 3811 Marte
498 3753 603 3810 Poenos
615 3762 740 3827 proteret
752 3750 852 3822 altero,

379 3832 443 3897 Qui
457 3833 516 3891 lora
529 3831 666 3889 restrictis
679 3830 793 3888 laoertis

428 3911 525 3970 Sensit
538 3911 624 3982 iners,
638 3909 788 3984 timuitque
802 3919 930 3968 mortem.

341 3991 410 4068 Hie,
424 3992 503 4050 unde
516 3991 602 4049 vitam
616 3999 741 4048 sumeret
754 3988 873 4061 inscius,
