<?xml version="1.0" encoding="UTF-8"?>
<!DOCTYPE html PUBLIC "-//W3C//DTD XHTML 1.0 Transitional//EN"
    "http://www.w3.org/TR/xhtml1/DTD/xhtml1-transitional.dtd">
<html xmlns="http://www.w3.org/1999/xhtml" xml:lang="en" lang="en">
 <head>
  <title>
</title>
<meta http-equiv="Content-Type" content="text/html;charset=utf-8" />
  <meta name='ocr-system' content='tesseract 3.04.00' />
  <meta name='ocr-capabilities' content='ocr_page ocr_carea ocr_par ocr_line ocrx_word'/>
</head>
<body>
  <div class='ocr_page' id='page_1' title='image "./opera03horagoog_0087.png"; bbox 0 0 2617 4442; ppageno 0'>
   <div class='ocr_carea' id='block_1_1' title="bbox 525 344 795 395">
    <p class='ocr_par' dir='ltr' id='par_1_1' title="bbox 525 344 795 395">
     <span class='ocr_line' id='line_1_1' title="bbox 525 344 795 395; baseline 0.007 -2"><span class='ocrx_word' id='word_1_1' title='bbox 525 344 664 394; x_wconf 83' lang='lat' dir='ltr'>EPODON</span> <span class='ocrx_word' id='word_1_2' title='bbox 681 344 795 395; x_wconf 82' lang='lat' dir='ltr'>LIBER.</span> 
     </span>
    </p>
   </div>
   <div class='ocr_carea' id='block_1_2' title="bbox 150 487 1055 806">
    <p class='ocr_par' dir='ltr' id='par_1_2' title="bbox 150 487 1055 806">
     <span class='ocr_line' id='line_1_2' title="bbox 397 487 813 567; baseline 0.002 -21"><span class='ocrx_word' id='word_1_3' title='bbox 397 488 492 564; x_wconf 82' lang='lat' dir='ltr'>Apros</span> <span class='ocrx_word' id='word_1_4' title='bbox 504 487 534 546; x_wconf 91' lang='lat' dir='ltr'><strong>in</strong></span> <span class='ocrx_word' id='word_1_5' title='bbox 548 487 694 547; x_wconf 70' lang='lat' dir='ltr'><strong>obstantes</strong></span> <span class='ocrx_word' id='word_1_6' title='bbox 706 489 813 567; x_wconf 85' lang='lat' dir='ltr'><strong>plagas,</strong></span> 
     </span>
     <span class='ocr_line' id='line_1_3' title="bbox 277 566 781 643; baseline -0.002 -16"><span class='ocrx_word' id='word_1_7' title='bbox 277 570 340 628; x_wconf 83' lang='lat' dir='ltr'><strong>Aut</strong></span> <span class='ocrx_word' id='word_1_8' title='bbox 353 566 438 626; x_wconf 86' lang='lat' dir='ltr'><strong>amite</strong></span> <span class='ocrx_word' id='word_1_9' title='bbox 451 567 506 624; x_wconf 88' lang='lat' dir='ltr'><strong>levi</strong></span> <span class='ocrx_word' id='word_1_10' title='bbox 519 587 582 624; x_wconf 87' lang='lat' dir='ltr'><strong>rara</strong></span> <span class='ocrx_word' id='word_1_11' title='bbox 595 568 688 626; x_wconf 89' lang='lat' dir='ltr'><strong>tendit</strong></span> <span class='ocrx_word' id='word_1_12' title='bbox 701 569 781 643; x_wconf 90' lang='lat' dir='ltr'><strong>retia,</strong></span> 
     </span>
     <span class='ocr_line' id='line_1_4' title="bbox 396 647 765 718; baseline 0.005 -13"><span class='ocrx_word' id='word_1_13' title='bbox 396 647 504 705; x_wconf 88' lang='lat' dir='ltr'><strong>Turdis</strong></span> <span class='ocrx_word' id='word_1_14' title='bbox 517 647 655 704; x_wconf 79' lang='lat' dir='ltr'><strong>edacibus</strong></span> <span class='ocrx_word' id='word_1_15' title='bbox 669 648 765 718; x_wconf 87' lang='lat' dir='ltr'><strong>dolos;</strong></span> 
     </span>
     <span class='ocr_line' id='line_1_5' title="bbox 150 724 1055 806; baseline 0.002 -21"><span class='ocrx_word' id='word_1_16' title='bbox 150 779 153 785; x_wconf 90' lang='lat'><em>.</em></span> <span class='ocrx_word' id='word_1_17' title='bbox 277 726 471 802; x_wconf 89' lang='lat' dir='ltr'><strong>Pavidumque</strong></span> <span class='ocrx_word' id='word_1_18' title='bbox 484 724 620 801; x_wconf 86' lang='lat' dir='ltr'><strong>leporem,</strong></span> <span class='ocrx_word' id='word_1_19' title='bbox 635 737 665 784; x_wconf 91' lang='lat' dir='ltr'><strong>et</strong></span> <span class='ocrx_word' id='word_1_20' title='bbox 678 727 818 785; x_wconf 86' lang='lat' dir='ltr'><strong>advenam</strong></span> <span class='ocrx_word' id='word_1_21' title='bbox 830 727 932 804; x_wconf 83' lang='lat' dir='ltr'><strong>laqueo</strong></span> <span class='ocrx_word' id='word_1_22' title='bbox 944 746 1055 806; x_wconf 81' lang='lat' dir='ltr'><strong>gruum,</strong></span> 
     </span>
    </p>
   </div>
   <div class='ocr_carea' id='block_1_3' title="bbox 273 804 1055 3629">
    <p class='ocr_par' dir='ltr' id='par_1_3' title="bbox 396 804 780 881">
     <span class='ocr_line' id='line_1_6' title="bbox 396 804 780 881; baseline 0.003 -19"><span class='ocrx_word' id='word_1_23' title='bbox 396 804 533 862; x_wconf 89' lang='lat' dir='ltr'><strong>Juounda</strong></span> <span class='ocrx_word' id='word_1_24' title='bbox 546 816 641 881; x_wconf 80' lang='lat' dir='ltr'><strong>captat</strong></span> <span class='ocrx_word' id='word_1_25' title='bbox 654 805 780 881; x_wconf 75' lang='lat' dir='ltr'><strong>praemia.</strong></span> 
     </span>
    </p>

    <p class='ocr_par' dir='ltr' id='par_1_4' title="bbox 277 882 1055 1022">
     <span class='ocr_line' id='line_1_7' title="bbox 277 882 1055 962; baseline -0.001 -15"><span class='ocrx_word' id='word_1_26' title='bbox 277 883 355 947; x_wconf 83' lang='lat' dir='ltr'><strong>Quis</strong></span> <span class='ocrx_word' id='word_1_27' title='bbox 369 903 427 942; x_wconf 91' lang='lat' dir='ltr'><strong>non</strong></span> <span class='ocrx_word' id='word_1_28' title='bbox 440 882 590 957; x_wconf 88' lang='lat' dir='ltr'><strong>malarum,</strong></span> <span class='ocrx_word' id='word_1_29' title='bbox 605 903 676 961; x_wconf 91' lang='lat' dir='ltr'><strong>quas</strong></span> <span class='ocrx_word' id='word_1_30' title='bbox 689 903 768 943; x_wconf 90' lang='lat' dir='ltr'><strong>amor</strong></span> <span class='ocrx_word' id='word_1_31' title='bbox 781 903 866 944; x_wconf 85' lang='lat' dir='ltr'><strong>ouras</strong></span> <span class='ocrx_word' id='word_1_32' title='bbox 878 887 973 962; x_wconf 81' lang='lat' dir='ltr'><strong>babet,</strong></span> <span class='ocrx_word' id='word_1_33' title='bbox 1051 921 1055 927; x_wconf 91' lang='lat'>·</span> 
     </span>
     <span class='ocr_line' id='line_1_8' title="bbox 397 963 767 1022; baseline 0.008 -3"><span class='ocrx_word' id='word_1_34' title='bbox 397 963 471 1020; x_wconf 73' lang='lat' dir='ltr'><strong>Haeo</strong></span> <span class='ocrx_word' id='word_1_35' title='bbox 485 963 558 1021; x_wconf 90' lang='lat' dir='ltr'><strong>inter</strong></span> <span class='ocrx_word' id='word_1_36' title='bbox 571 963 767 1022; x_wconf 77' lang='lat' dir='ltr'><strong>oblivisciturl</strong></span> 
     </span>
    </p>

    <p class='ocr_par' dir='ltr' id='par_1_5' title="bbox 274 1039 917 1198">
     <span class='ocr_line' id='line_1_9' title="bbox 274 1039 917 1121; baseline 0 -17"><span class='ocrx_word' id='word_1_37' title='bbox 274 1039 367 1105; x_wconf 73' lang='lat' dir='ltr'><strong>Quod</strong></span> <span class='ocrx_word' id='word_1_38' title='bbox 380 1041 406 1100; x_wconf 91' lang='lat' dir='ltr'><strong>si</strong></span> <span class='ocrx_word' id='word_1_39' title='bbox 417 1041 524 1118; x_wconf 86' lang='lat' dir='ltr'><strong>pudiea</strong></span> <span class='ocrx_word' id='word_1_40' title='bbox 536 1042 638 1101; x_wconf 91' lang='lat' dir='ltr'><strong>mulier</strong></span> <span class='ocrx_word' id='word_1_41' title='bbox 651 1042 682 1100; x_wconf 89' lang='lat' dir='ltr'><strong>in</strong></span> <span class='ocrx_word' id='word_1_42' title='bbox 694 1054 804 1119; x_wconf 87' lang='lat' dir='ltr'><strong>partem</strong></span> <span class='ocrx_word' id='word_1_43' title='bbox 814 1043 917 1121; x_wconf 77' lang='lat' dir='ltr'><strong>juvans</strong></span> 
     </span>
     <span class='ocr_line' id='line_1_10' title="bbox 396 1120 860 1198; baseline 0.013 -20"><span class='ocrx_word' id='word_1_44' title='bbox 396 1120 521 1179; x_wconf 92' lang='lat' dir='ltr'><strong>Domum</strong></span> <span class='ocrx_word' id='word_1_45' title='bbox 536 1131 620 1197; x_wconf 91' lang='lat' dir='ltr'><strong>atque</strong></span> <span class='ocrx_word' id='word_1_46' title='bbox 633 1122 734 1180; x_wconf 89' lang='lat' dir='ltr'><strong>duloes</strong></span> <span class='ocrx_word' id='word_1_47' title='bbox 746 1123 860 1198; x_wconf 85' lang='lat' dir='ltr'><strong>liberos,</strong></span> 
     </span>
    </p>

    <p class='ocr_par' dir='ltr' id='par_1_6' title="bbox 277 1200 809 1358">
     <span class='ocr_line' id='line_1_11' title="bbox 277 1200 809 1278; baseline 0 -18"><span class='ocrx_word' id='word_1_48' title='bbox 277 1201 385 1260; x_wconf 85' lang='lat' dir='ltr'><strong>Sabina</strong></span> <span class='ocrx_word' id='word_1_49' title='bbox 397 1200 497 1275; x_wconf 84' lang='lat' dir='ltr'><strong>qualis,</strong></span> <span class='ocrx_word' id='word_1_50' title='bbox 511 1211 560 1260; x_wconf 90' lang='lat' dir='ltr'><strong>aut</strong></span> <span class='ocrx_word' id='word_1_51' title='bbox 573 1213 689 1278; x_wconf 87' lang='lat' dir='ltr'><strong>perusta</strong></span> <span class='ocrx_word' id='word_1_52' title='bbox 701 1201 809 1260; x_wconf 91' lang='lat' dir='ltr'><strong>solibus</strong></span> 
     </span>
     <span class='ocr_line' id='line_1_12' title="bbox 395 1278 740 1358; baseline 0.009 -22"><span class='ocrx_word' id='word_1_53' title='bbox 395 1278 524 1337; x_wconf 77' lang='lat' dir='ltr'><strong>Pernidis</strong></span> <span class='ocrx_word' id='word_1_54' title='bbox 537 1299 608 1338; x_wconf 91' lang='lat' dir='ltr'><strong>uxor</strong></span> <span class='ocrx_word' id='word_1_55' title='bbox 622 1281 740 1358; x_wconf 88' lang='lat' dir='ltr'><strong>Appuli,</strong></span> 
     </span>
    </p>

    <p class='ocr_par' dir='ltr' id='par_1_7' title="bbox 278 1360 878 1512">
     <span class='ocr_line' id='line_1_13' title="bbox 278 1360 878 1437; baseline 0.002 -20"><span class='ocrx_word' id='word_1_56' title='bbox 278 1360 400 1417; x_wconf 81' lang='lat' dir='ltr'><strong>Sacrum</strong></span> <span class='ocrx_word' id='word_1_57' title='bbox 413 1360 531 1416; x_wconf 88' lang='lat' dir='ltr'><strong>vetustis</strong></span> <span class='ocrx_word' id='word_1_58' title='bbox 544 1370 670 1418; x_wconf 81' lang='lat' dir='ltr'><strong>exstruat</strong></span> <span class='ocrx_word' id='word_1_59' title='bbox 683 1360 769 1437; x_wconf 87' lang='lat' dir='ltr'><strong>liguis</strong></span> <span class='ocrx_word' id='word_1_60' title='bbox 782 1360 878 1419; x_wconf 86' lang='lat' dir='ltr'><strong>focum</strong></span> 
     </span>
     <span class='ocr_line' id='line_1_14' title="bbox 397 1436 790 1512; baseline 0.005 -17"><span class='ocrx_word' id='word_1_61' title='bbox 397 1436 480 1495; x_wconf 87' lang='lat' dir='ltr'><strong>Lassi</strong></span> <span class='ocrx_word' id='word_1_62' title='bbox 493 1439 547 1494; x_wconf 91' lang='lat' dir='ltr'><strong>sub</strong></span> <span class='ocrx_word' id='word_1_63' title='bbox 560 1439 714 1497; x_wconf 89' lang='lat' dir='ltr'><strong>adventum</strong></span> <span class='ocrx_word' id='word_1_64' title='bbox 727 1439 790 1512; x_wconf 86' lang='lat' dir='ltr'><strong>viri,</strong></span> 
     </span>
    </p>

    <p class='ocr_par' dir='ltr' id='par_1_8' title="bbox 276 1516 929 1668">
     <span class='ocr_line' id='line_1_15' title="bbox 276 1516 929 1594; baseline -0.002 -18"><span class='ocrx_word' id='word_1_65' title='bbox 276 1517 480 1592; x_wconf 75' lang='lat' dir='ltr'><strong>claudensque</strong></span> <span class='ocrx_word' id='word_1_66' title='bbox 493 1518 577 1574; x_wconf 86' lang='lat' dir='ltr'><strong>textis</strong></span> <span class='ocrx_word' id='word_1_67' title='bbox 591 1519 717 1575; x_wconf 75' lang='lat' dir='ltr'><strong>cratibus</strong></span> <span class='ocrx_word' id='word_1_68' title='bbox 728 1516 826 1574; x_wconf 80' lang='lat' dir='ltr'><strong>laetum</strong></span> <span class='ocrx_word' id='word_1_69' title='bbox 838 1535 929 1594; x_wconf 78' lang='lat' dir='ltr'><strong>pecus</strong></span> 
     </span>
     <span class='ocr_line' id='line_1_16' title="bbox 397 1595 744 1668; baseline 0.003 -17"><span class='ocrx_word' id='word_1_70' title='bbox 397 1595 530 1652; x_wconf 89' lang='lat' dir='ltr'><strong>Distenta</strong></span> <span class='ocrx_word' id='word_1_71' title='bbox 544 1596 633 1654; x_wconf 87' lang='lat' dir='ltr'><strong>siooet</strong></span> <span class='ocrx_word' id='word_1_72' title='bbox 646 1597 744 1668; x_wconf 84' lang='lat' dir='ltr'><strong>ubera,</strong></span> 
     </span>
    </p>

    <p class='ocr_par' dir='ltr' id='par_1_9' title="bbox 276 1674 822 1830">
     <span class='ocr_line' id='line_1_17' title="bbox 276 1674 822 1751; baseline -0.002 -18"><span class='ocrx_word' id='word_1_73' title='bbox 276 1675 315 1733; x_wconf 87' lang='lat' dir='ltr'><strong>Et</strong></span> <span class='ocrx_word' id='word_1_74' title='bbox 329 1676 420 1733; x_wconf 92' lang='lat' dir='ltr'><strong>horna</strong></span> <span class='ocrx_word' id='word_1_75' title='bbox 431 1674 509 1732; x_wconf 85' lang='lat' dir='ltr'><strong>dulei</strong></span> <span class='ocrx_word' id='word_1_76' title='bbox 522 1675 589 1732; x_wconf 87' lang='lat' dir='ltr'><strong>vina</strong></span> <span class='ocrx_word' id='word_1_77' title='bbox 598 1694 732 1751; x_wconf 90' lang='lat' dir='ltr'><strong>promens</strong></span> <span class='ocrx_word' id='word_1_78' title='bbox 745 1674 822 1733; x_wconf 90' lang='lat' dir='ltr'><strong>dolio</strong></span> 
     </span>
     <span class='ocr_line' id='line_1_18' title="bbox 394 1751 793 1830; baseline 0 -20"><span class='ocrx_word' id='word_1_79' title='bbox 394 1751 491 1829; x_wconf 87' lang='lat' dir='ltr'><strong>Dapes</strong></span> <span class='ocrx_word' id='word_1_80' title='bbox 505 1754 645 1830; x_wconf 89' lang='lat' dir='ltr'><strong>inemptas</strong></span> <span class='ocrx_word' id='word_1_81' title='bbox 659 1763 793 1830; x_wconf 77' lang='lat' dir='ltr'><strong>apparet:</strong></span> 
     </span>
    </p>

    <p class='ocr_par' dir='ltr' id='par_1_10' title="bbox 275 1831 852 1988">
     <span class='ocr_line' id='line_1_19' title="bbox 275 1831 852 1910; baseline -0.003 -18"><span class='ocrx_word' id='word_1_82' title='bbox 275 1831 344 1892; x_wconf 93' lang='lat' dir='ltr'><strong>Non</strong></span> <span class='ocrx_word' id='word_1_83' title='bbox 357 1851 404 1890; x_wconf 90' lang='lat' dir='ltr'><strong>me</strong></span> <span class='ocrx_word' id='word_1_84' title='bbox 418 1831 545 1890; x_wconf 79' lang='lat' dir='ltr'><strong>Lucrina</strong></span> <span class='ocrx_word' id='word_1_85' title='bbox 554 1833 679 1910; x_wconf 88' lang='lat' dir='ltr'><strong>juverint</strong></span> <span class='ocrx_word' id='word_1_86' title='bbox 691 1831 852 1909; x_wconf 82' lang='lat' dir='ltr'><strong>oonohylia,</strong></span> 
     </span>
     <span class='ocr_line' id='line_1_20' title="bbox 394 1908 843 1988; baseline 0.007 -21"><span class='ocrx_word' id='word_1_87' title='bbox 394 1908 524 1988; x_wconf 85' lang='lat' dir='ltr'><strong>Magisve</strong></span> <span class='ocrx_word' id='word_1_88' title='bbox 538 1912 683 1985; x_wconf 85' lang='lat' dir='ltr'><strong>rhombus,</strong></span> <span class='ocrx_word' id='word_1_89' title='bbox 697 1912 843 1986; x_wconf 72' lang='lat' dir='ltr'><strong>autmari,</strong></span> 
     </span>
    </p>

    <p class='ocr_par' dir='ltr' id='par_1_11' title="bbox 276 1990 830 2142">
     <span class='ocr_line' id='line_1_21' title="bbox 276 1990 766 2068; baseline -0.002 -18"><span class='ocrx_word' id='word_1_90' title='bbox 276 1991 310 2050; x_wconf 84' lang='lat' dir='ltr'><strong>Si</strong></span> <span class='ocrx_word' id='word_1_91' title='bbox 324 2010 393 2068; x_wconf 89' lang='lat' dir='ltr'><strong>quos</strong></span> <span class='ocrx_word' id='word_1_92' title='bbox 407 1990 476 2048; x_wconf 84' lang='lat' dir='ltr'><strong>Eois</strong></span> <span class='ocrx_word' id='word_1_93' title='bbox 491 1992 619 2049; x_wconf 88' lang='lat' dir='ltr'><strong>intonata</strong></span> <span class='ocrx_word' id='word_1_94' title='bbox 632 1991 766 2051; x_wconf 82' lang='lat' dir='ltr'><strong>fluetibus</strong></span> 
     </span>
     <span class='ocr_line' id='line_1_22' title="bbox 395 2069 830 2142; baseline 0.002 -15"><span class='ocrx_word' id='word_1_95' title='bbox 395 2069 498 2128; x_wconf 84' lang='lat' dir='ltr'><strong>Hiems</strong></span> <span class='ocrx_word' id='word_1_96' title='bbox 512 2071 548 2128; x_wconf 92' lang='lat' dir='ltr'><strong>ad</strong></span> <span class='ocrx_word' id='word_1_97' title='bbox 562 2071 617 2129; x_wconf 85' lang='lat' dir='ltr'><strong>hoe</strong></span> <span class='ocrx_word' id='word_1_98' title='bbox 631 2081 721 2130; x_wconf 87' lang='lat' dir='ltr'><strong>vertat</strong></span> <span class='ocrx_word' id='word_1_99' title='bbox 735 2089 830 2142; x_wconf 85' lang='lat' dir='ltr'><strong>mare;</strong></span> 
     </span>
    </p>

    <p class='ocr_par' dir='ltr' id='par_1_12' title="bbox 276 2148 980 2304">
     <span class='ocr_line' id='line_1_23' title="bbox 276 2148 980 2226; baseline 0.001 -18"><span class='ocrx_word' id='word_1_100' title='bbox 276 2148 344 2208; x_wconf 90' lang='lat' dir='ltr'><strong>Non</strong></span> <span class='ocrx_word' id='word_1_101' title='bbox 358 2149 430 2206; x_wconf 90' lang='lat' dir='ltr'><strong>Afra</strong></span> <span class='ocrx_word' id='word_1_102' title='bbox 443 2149 503 2206; x_wconf 89' lang='lat' dir='ltr'><strong>avis</strong></span> <span class='ocrx_word' id='word_1_103' title='bbox 516 2149 674 2207; x_wconf 76' lang='lat' dir='ltr'><strong>descendat</strong></span> <span class='ocrx_word' id='word_1_104' title='bbox 686 2150 717 2206; x_wconf 90' lang='lat' dir='ltr'><strong>in</strong></span> <span class='ocrx_word' id='word_1_105' title='bbox 730 2160 859 2208; x_wconf 88' lang='lat' dir='ltr'><strong>ventrem</strong></span> <span class='ocrx_word' id='word_1_106' title='bbox 871 2168 980 2226; x_wconf 86' lang='lat' dir='ltr'><strong>meum,</strong></span> 
     </span>
     <span class='ocr_line' id='line_1_24' title="bbox 393 2227 724 2304; baseline 0.003 -20"><span class='ocrx_word' id='word_1_107' title='bbox 393 2227 462 2286; x_wconf 92' lang='lat' dir='ltr'><strong>Nou</strong></span> <span class='ocrx_word' id='word_1_108' title='bbox 476 2237 592 2304; x_wconf 83' lang='lat' dir='ltr'><strong>attagen</strong></span> <span class='ocrx_word' id='word_1_109' title='bbox 606 2228 724 2287; x_wconf 86' lang='lat' dir='ltr'><strong>Ionious</strong></span> 
     </span>
    </p>

    <p class='ocr_par' dir='ltr' id='par_1_13' title="bbox 275 2304 897 2457">
     <span class='ocr_line' id='line_1_25' title="bbox 275 2304 897 2382; baseline 0 -18"><span class='ocrx_word' id='word_1_110' title='bbox 275 2306 445 2378; x_wconf 71' lang='lat' dir='ltr'><strong>secundior,</strong></span> <span class='ocrx_word' id='word_1_111' title='bbox 459 2304 546 2382; x_wconf 69' lang='lat' dir='ltr'><strong>quim</strong></span> <span class='ocrx_word' id='word_1_112' title='bbox 559 2307 634 2364; x_wconf 88' lang='lat' dir='ltr'><strong>leota</strong></span> <span class='ocrx_word' id='word_1_113' title='bbox 647 2308 684 2363; x_wconf 88' lang='lat' dir='ltr'><strong>de</strong></span> <span class='ocrx_word' id='word_1_114' title='bbox 696 2306 897 2382; x_wconf 82' lang='lat' dir='ltr'><strong>pinguissimis</strong></span> 
     </span>
     <span class='ocr_line' id='line_1_26' title="bbox 397 2384 739 2457; baseline 0 -16"><span class='ocrx_word' id='word_1_115' title='bbox 397 2385 482 2442; x_wconf 89' lang='lat' dir='ltr'><strong>Oliva</strong></span> <span class='ocrx_word' id='word_1_116' title='bbox 496 2385 582 2442; x_wconf 87' lang='lat' dir='ltr'><strong>ramis</strong></span> <span class='ocrx_word' id='word_1_117' title='bbox 596 2384 739 2457; x_wconf 87' lang='lat' dir='ltr'><strong>arborum,</strong></span> 
     </span>
    </p>

    <p class='ocr_par' dir='ltr' id='par_1_14' title="bbox 274 2462 938 2621">
     <span class='ocr_line' id='line_1_27' title="bbox 274 2462 932 2542; baseline -0.002 -19"><span class='ocrx_word' id='word_1_118' title='bbox 274 2466 336 2526; x_wconf 89' lang='lat' dir='ltr'><strong>Aut</strong></span> <span class='ocrx_word' id='word_1_119' title='bbox 349 2465 439 2522; x_wconf 88' lang='lat' dir='ltr'><strong>herba</strong></span> <span class='ocrx_word' id='word_1_120' title='bbox 451 2464 559 2540; x_wconf 89' lang='lat' dir='ltr'><strong>lapathi</strong></span> <span class='ocrx_word' id='word_1_121' title='bbox 571 2474 651 2540; x_wconf 88' lang='lat' dir='ltr'><strong>prata</strong></span> <span class='ocrx_word' id='word_1_122' title='bbox 665 2463 796 2537; x_wconf 88' lang='lat' dir='ltr'><strong>amantis,</strong></span> <span class='ocrx_word' id='word_1_123' title='bbox 811 2472 841 2522; x_wconf 89' lang='lat' dir='ltr'><strong>et</strong></span> <span class='ocrx_word' id='word_1_124' title='bbox 852 2462 932 2542; x_wconf 78' lang='lat' dir='ltr'><strong>gravi</strong></span> 
     </span>
     <span class='ocr_line' id='line_1_28' title="bbox 395 2542 938 2621; baseline 0 -21"><span class='ocrx_word' id='word_1_125' title='bbox 395 2542 498 2601; x_wconf 79' lang='lat' dir='ltr'><strong>Malvae</strong></span> <span class='ocrx_word' id='word_1_126' title='bbox 511 2544 637 2601; x_wconf 85' lang='lat' dir='ltr'><strong>salubres</strong></span> <span class='ocrx_word' id='word_1_127' title='bbox 651 2543 772 2620; x_wconf 88' lang='lat' dir='ltr'><strong>oorpori,</strong></span> <span class='ocrx_word' id='word_1_128' title='bbox 936 2618 938 2621; x_wconf 13' lang='grc' dir='ltr'><strong><em>ι</em></strong></span> 
     </span>
    </p>

    <p class='ocr_par' dir='ltr' id='par_1_15' title="bbox 275 2621 837 2779">
     <span class='ocr_line' id='line_1_29' title="bbox 275 2621 837 2701; baseline -0.004 -18"><span class='ocrx_word' id='word_1_129' title='bbox 275 2623 330 2683; x_wconf 91' lang='lat' dir='ltr'><strong>Vel</strong></span> <span class='ocrx_word' id='word_1_130' title='bbox 344 2642 420 2701; x_wconf 86' lang='lat' dir='ltr'><strong>agna</strong></span> <span class='ocrx_word' id='word_1_131' title='bbox 434 2622 512 2680; x_wconf 88' lang='lat' dir='ltr'><strong>festis</strong></span> <span class='ocrx_word' id='word_1_132' title='bbox 525 2640 600 2679; x_wconf 69' lang='lat' dir='ltr'><strong>exesa</strong></span> <span class='ocrx_word' id='word_1_133' title='bbox 613 2621 837 2697; x_wconf 87' lang='lat' dir='ltr'><strong>Terminalibus,</strong></span> 
     </span>
     <span class='ocr_line' id='line_1_30' title="bbox 393 2701 778 2779; baseline 0.003 -20"><span class='ocrx_word' id='word_1_134' title='bbox 393 2701 448 2759; x_wconf 91' lang='lat' dir='ltr'><strong>Vel</strong></span> <span class='ocrx_word' id='word_1_135' title='bbox 461 2702 563 2760; x_wconf 89' lang='lat' dir='ltr'><strong>hoedus</strong></span> <span class='ocrx_word' id='word_1_136' title='bbox 577 2713 690 2778; x_wconf 89' lang='lat' dir='ltr'><strong>ereptus</strong></span> <span class='ocrx_word' id='word_1_137' title='bbox 703 2701 778 2779; x_wconf 93' lang='lat' dir='ltr'><strong>lupo.</strong></span> 
     </span>
    </p>

    <p class='ocr_par' dir='ltr' id='par_1_16' title="bbox 277 2781 869 2937">
     <span class='ocr_line' id='line_1_31' title="bbox 277 2781 869 2859; baseline -0.005 -15"><span class='ocrx_word' id='word_1_138' title='bbox 277 2783 340 2844; x_wconf 90' lang='lat' dir='ltr'><strong>Has</strong></span> <span class='ocrx_word' id='word_1_139' title='bbox 353 2783 426 2842; x_wconf 89' lang='lat' dir='ltr'><strong>inter</strong></span> <span class='ocrx_word' id='word_1_140' title='bbox 440 2781 548 2858; x_wconf 86' lang='lat' dir='ltr'><strong>epulas,</strong></span> <span class='ocrx_word' id='word_1_141' title='bbox 562 2791 594 2838; x_wconf 95' lang='lat' dir='ltr'><strong>ut</strong></span> <span class='ocrx_word' id='word_1_142' title='bbox 604 2781 684 2856; x_wconf 88' lang='lat' dir='ltr'><strong>juvat</strong></span> <span class='ocrx_word' id='word_1_143' title='bbox 695 2793 790 2859; x_wconf 83' lang='lat' dir='ltr'><strong>pastas</strong></span> <span class='ocrx_word' id='word_1_144' title='bbox 802 2800 869 2841; x_wconf 84' lang='lat' dir='ltr'><strong>oves</strong></span> 
     </span>
     <span class='ocr_line' id='line_1_32' title="bbox 393 2860 842 2937; baseline -0.002 -18"><span class='ocrx_word' id='word_1_145' title='bbox 393 2860 500 2919; x_wconf 90' lang='lat' dir='ltr'><strong>Videre</strong></span> <span class='ocrx_word' id='word_1_146' title='bbox 513 2870 697 2937; x_wconf 88' lang='lat' dir='ltr'><strong>properantes</strong></span> <span class='ocrx_word' id='word_1_147' title='bbox 710 2862 842 2932; x_wconf 90' lang='lat' dir='ltr'><strong>domum;</strong></span> 
     </span>
    </p>

    <p class='ocr_par' dir='ltr' id='par_1_17' title="bbox 274 2939 897 3096">
     <span class='ocr_line' id='line_1_33' title="bbox 274 2939 897 3000; baseline -0.002 0"><span class='ocrx_word' id='word_1_148' title='bbox 274 2940 382 3000; x_wconf 87' lang='lat' dir='ltr'><strong>Videre</strong></span> <span class='ocrx_word' id='word_1_149' title='bbox 396 2939 483 2998; x_wconf 88' lang='lat' dir='ltr'><strong>fessos</strong></span> <span class='ocrx_word' id='word_1_150' title='bbox 496 2959 638 2999; x_wconf 85' lang='lat' dir='ltr'><strong>vomerem</strong></span> <span class='ocrx_word' id='word_1_151' title='bbox 653 2940 798 2998; x_wconf 86' lang='lat' dir='ltr'><strong>inversum</strong></span> <span class='ocrx_word' id='word_1_152' title='bbox 811 2940 897 2999; x_wconf 77' lang='lat' dir='ltr'><strong>boves</strong></span> 
     </span>
     <span class='ocr_line' id='line_1_34' title="bbox 394 3017 796 3096; baseline -0.002 -19"><span class='ocrx_word' id='word_1_153' title='bbox 394 3017 474 3078; x_wconf 82' lang='lat' dir='ltr'><strong>Collo</strong></span> <span class='ocrx_word' id='word_1_154' title='bbox 487 3021 631 3077; x_wconf 88' lang='lat' dir='ltr'><strong>trahentes</strong></span> <span class='ocrx_word' id='word_1_155' title='bbox 644 3019 796 3096; x_wconf 81' lang='lat' dir='ltr'><strong>lauguid03</strong></span> 
     </span>
    </p>

    <p class='ocr_par' dir='ltr' id='par_1_18' title="bbox 277 3097 908 3234">
     <span class='ocr_line' id='line_1_35' title="bbox 277 3097 908 3173; baseline -0.002 -16"><span class='ocrx_word' id='word_1_156' title='bbox 277 3099 442 3173; x_wconf 80' lang='lat' dir='ltr'><strong>Positosque</strong></span> <span class='ocrx_word' id='word_1_157' title='bbox 456 3116 566 3171; x_wconf 86' lang='lat' dir='ltr'><strong>vernas,</strong></span> <span class='ocrx_word' id='word_1_158' title='bbox 580 3099 647 3156; x_wconf 91' lang='lat' dir='ltr'><strong>ditis</strong></span> <span class='ocrx_word' id='word_1_159' title='bbox 660 3117 782 3156; x_wconf 84' lang='lat' dir='ltr'><strong>examen</strong></span> <span class='ocrx_word' id='word_1_160' title='bbox 796 3097 908 3173; x_wconf 73' lang='lat' dir='ltr'><strong>domus,</strong></span> 
     </span>
     <span class='ocr_line' id='line_1_36' title="bbox 393 3176 826 3234; baseline 0.002 -1"><span class='ocrx_word' id='word_1_161' title='bbox 393 3176 510 3234; x_wconf 79' lang='lat' dir='ltr'><strong>Circum</strong></span> <span class='ocrx_word' id='word_1_162' title='bbox 523 3177 689 3234; x_wconf 89' lang='lat' dir='ltr'><strong>renidentes</strong></span> <span class='ocrx_word' id='word_1_163' title='bbox 701 3176 791 3233; x_wconf 89' lang='lat' dir='ltr'><strong>Lares</strong></span> <span class='ocrx_word' id='word_1_164' title='bbox 799 3176 826 3234; x_wconf 87' lang='lat' dir='ltr'><strong>l”</strong></span> 
     </span>
    </p>

    <p class='ocr_par' dir='ltr' id='par_1_19' title="bbox 275 3253 818 3410">
     <span class='ocr_line' id='line_1_37' title="bbox 275 3253 818 3325; baseline -0.011 -10"><span class='ocrx_word' id='word_1_165' title='bbox 275 3255 349 3315; x_wconf 82' lang='lat' dir='ltr'><strong>Ilree</strong></span> <span class='ocrx_word' id='word_1_166' title='bbox 362 3256 411 3313; x_wconf 91' lang='lat' dir='ltr'><strong>ubi</strong></span> <span class='ocrx_word' id='word_1_167' title='bbox 424 3254 535 3314; x_wconf 86' lang='lat' dir='ltr'><strong>loeutus</strong></span> <span class='ocrx_word' id='word_1_168' title='bbox 549 3255 701 3312; x_wconf 84' lang='lat' dir='ltr'><strong>soenerator</strong></span> <span class='ocrx_word' id='word_1_169' title='bbox 714 3253 818 3325; x_wconf 83' lang='lat' dir='ltr'><strong>Alfius,</strong></span> 
     </span>
     <span class='ocr_line' id='line_1_38' title="bbox 391 3331 800 3410; baseline -0.01 -18"><span class='ocrx_word' id='word_1_170' title='bbox 391 3333 457 3393; x_wconf 87' lang='lat' dir='ltr'><strong>Jam</strong></span> <span class='ocrx_word' id='word_1_171' title='bbox 468 3334 527 3410; x_wconf 86' lang='lat' dir='ltr'><strong>jam</strong></span> <span class='ocrx_word' id='word_1_172' title='bbox 541 3333 652 3392; x_wconf 87' lang='lat' dir='ltr'><strong>firturus</strong></span> <span class='ocrx_word' id='word_1_173' title='bbox 666 3331 800 3404; x_wconf 79' lang='lat' dir='ltr'><strong>rusticus,</strong></span> 
     </span>
    </p>

    <p class='ocr_par' dir='ltr' id='par_1_20' title="bbox 273 3410 818 3567">
     <span class='ocr_line' id='line_1_39' title="bbox 273 3410 818 3489; baseline -0.015 -15"><span class='ocrx_word' id='word_1_174' title='bbox 273 3412 399 3474; x_wconf 87' lang='lat' dir='ltr'><strong>Omnem</strong></span> <span class='ocrx_word' id='word_1_175' title='bbox 413 3413 524 3489; x_wconf 85' lang='lat' dir='ltr'><strong>redegit</strong></span> <span class='ocrx_word' id='word_1_176' title='bbox 538 3410 638 3468; x_wconf 89' lang='lat' dir='ltr'><strong>Idibus</strong></span> <span class='ocrx_word' id='word_1_177' title='bbox 651 3410 818 3487; x_wconf 79' lang='lat' dir='ltr'><strong>pecuniam3</strong></span> 
     </span>
     <span class='ocr_line' id='line_1_40' title="bbox 391 3489 787 3567; baseline -0.003 -18"><span class='ocrx_word' id='word_1_178' title='bbox 391 3491 506 3555; x_wconf 72' lang='lat' dir='ltr'><strong>Quaerit</strong></span> <span class='ocrx_word' id='word_1_179' title='bbox 518 3489 658 3549; x_wconf 86' lang='lat' dir='ltr'><strong>Kalendis</strong></span> <span class='ocrx_word' id='word_1_180' title='bbox 670 3507 787 3567; x_wconf 89' lang='lat' dir='ltr'><strong>ponere.</strong></span> 
     </span>
    </p>

    <p class='ocr_par' dir='ltr' id='par_1_21' title="bbox 471 3569 519 3629">
     <span class='ocr_line' id='line_1_41' title="bbox 471 3569 519 3629; baseline 0 -23"><span class='ocrx_word' id='word_1_181' title='bbox 471 3569 519 3629; x_wconf 66' lang='lat'><strong>7*</strong></span> 
     </span>
    </p>
   </div>
   <div class='ocr_carea' id='block_1_4' title="bbox 0 0 1314 4442">
    <p class='ocr_par' dir='ltr' id='par_1_22' title="bbox 0 0 1314 4442">
     <span class='ocr_line' id='line_1_42' title="bbox 0 0 1314 4442; baseline 0 0"><span class='ocrx_word' id='word_1_182' title='bbox 0 0 1314 4442; x_wconf 95' lang='lat' dir='ltr'><strong> </strong></span> 
     </span>
    </p>
   </div>
  </div>
 </body>
</html>
