2617 4442
322 755 971 849 Q.HORAT11FLACCI

488 1003 808 1072 CARMINUM

488 1223 592 1297 arnna
608 1246 802 1298 sncnunus.

580 1692 666 1752 ODE
685 1692 710 1751 Ι.

460 1829 501 1869 ΑΒ
515 1829 643 1870 ASINIUM
656 1830 838 1872 Pomorum

311 1930 429 1990 Morum
442 1947 478 1986 ex
490 1928 608 1989 Metello
618 1929 737 1989 consule
750 1930 884 2007 civicum,

312 2010 438 2085 Bellique
452 2026 563 2081 causas,
578 2019 607 2067 et
619 2010 697 2082 vitia,
711 2019 741 2067 et
754 2011 863 2083 modos,

351 2089 521 2162 Ludumque
535 2087 681 2161 Fortunae,
696 2107 852 2164 gravesque

389 2167 555 2242 Principum
568 2167 718 2239 amicitias,
732 2176 761 2224 et
774 2186 853 2225 arma

311 2245 448 2304 Nondum
461 2246 580 2322 expiatis
593 2257 683 2303 uncta
695 2246 853 2319 cruoribus,

310 2323 481 2384 Periculosa
494 2325 612 2398 plenum
624 2343 697 2397 opus
707 2323 787 2394 meat,

353 2403 486 2472 Tractas,
500 2411 529 2459 et
542 2401 653 2458 incedis
665 2420 716 2476 per
726 2400 808 2475 ignes

392 2479 558 2556 Suppositos
571 2479 662 2536 cineri
675 2478 780 2537 doloso.

310 2557 432 2619 Paulum
446 2577 551 2616 severae
565 2557 651 2615 Musa
664 2557 810 2634 tragoediae

309 2639 393 2697 Desit
406 2637 541 2696 theatris:
561 2657 636 2709 mox,
651 2637 701 2694 ubi
714 2637 843 2713 publicas

348 2718 411 2776 Res
423 2716 573 2788 ordinaris,
587 2717 696 2791 grande
709 2735 814 2773 munus

391 2796 531 2871 Cecropio
545 2805 655 2870 repetes
669 2795 819 2867 cothurno,

312 2875 429 2952 Insigne
444 2874 550 2932 moestis
563 2874 728 2948 praesidium
742 2874 808 2946 reis,

311 2955 349 3012 Et
363 2953 532 3025 consulenti,
546 2952 645 3024 Pollio,
660 2953 766 3022 curiae;

351 3033 407 3091 Cui
421 3032 517 3089 laurus
532 3042 651 3089 aeternos
666 3032 787 3089 honores

389 3111 550 3169 Dalmatico
563 3111 674 3187 peperit
687 3111 838 3186 triumpho.

312 3189 331 3248 J
333 3208 378 3247 am
393 3209 471 3247 nunc
484 3190 591 3246 minaci
605 3207 752 3245 murmure
766 3207 907 3246 cornuum

310 3268 481 3342 Perstringis
495 3285 594 3324 aures:
614 3265 673 3340 jam
686 3265 749 3322 litui
762 3276 907 3342 strepunt;

350 3346 416 3403 Jam
431 3346 522 3420 fulgor
536 3361 679 3400 armorum
694 3343 810 3419 fugaces

389 3424 495 3482 Terret
507 3441 603 3497 equos,
617 3421 799 3498 equitumque
813 3424 915 3483 vultus.

311 3504 422 3563 Audire
436 3521 555 3578 magnos
566 3501 625 3577 jam
639 3501 736 3558 videor
750 3503 839 3561 duces

310 3581 378 3642 Non
393 3583 529 3640 indecoro
541 3580 657 3656 pulvere
672 3580 809 3655 sordidos,

354 3661 391 3720 Et
404 3671 510 3719 cuncta
522 3671 660 3718 terrarum
671 3660 791 3718 subacta

392 3740 498 3798 Praeter
512 3750 637 3798 atrocem
651 3739 779 3797 animum
792 3739 919 3801 Catonis

312 3818 398 3893 June,
412 3829 442 3878 et
455 3820 571 3878 deorum
585 3819 712 3894 quisquis
725 3819 843 3878 amicior

312 3899 391 3959 Afris
404 3899 495 3958 inulti
509 3909 634 3957 cesserat
648 3899 789 3974 impotens
