2617 4442
516 360 654 410 EPODON
672 360 787 411 LIBER.

307 500 425 561 Unxdre
440 514 544 562 matres
557 504 619 562 Iliae
633 506 781 564 addictum
795 508 863 567 feris

306 582 433 640 Alitibus
447 593 530 658 atque
544 584 664 642 canibus
678 586 850 645 homicidam
865 588 1033 665 Hectorem,

308 660 462 737 Postquam
476 663 584 721 relictis
598 665 741 723 moenibus
755 686 806 724 rex
826 668 960 744 procidit,

306 740 391 799 Heul
412 742 569 818 pervicacis
584 744 619 801 ad
633 745 723 819 pedes
736 745 873 805 Achillei.

307 820 408 879 Setosa
422 822 500 879 duris
515 821 622 881 exuere
635 824 759 898 pellibus

306 899 453 958 Laboriosi
467 902 590 979 remiges
604 902 729 977 Ulyssei,

304 978 426 1037 Veiente
441 979 536 1053 Circe,
550 983 678 1042 membra
686 1003 695 1053 ;
716 994 786 1041 tunc
799 1003 891 1060 mens,
905 996 935 1045 et
946 1006 1034 1047 sonus

305 1058 459 1135 Relapsus,
470 1070 554 1136 atque
569 1072 653 1122 notus
667 1062 697 1119 in
712 1062 805 1120 vultus
818 1066 916 1124 honor.

306 1137 382 1196 Dedi
394 1135 463 1197 satis
477 1137 620 1215 superque
634 1160 784 1219 poenarum
799 1143 860 1217 tibi,

305 1218 411 1276 Amata
424 1219 518 1277 nautis
532 1218 654 1279 multum
669 1230 699 1279 et
712 1222 897 1281 institoribus.

306 1298 394 1375 Fugit
404 1298 545 1375 juventas,
560 1310 589 1357 et
602 1302 782 1359 verecundus
796 1303 873 1362 color

305 1377 434 1454 Reliquit
447 1397 512 1435 ossa
524 1378 599 1454 pelle
613 1382 719 1438 amicta
730 1380 825 1439 lurida
836 1402 844 1453 ;

304 1457 379 1515 Tuis
392 1458 511 1533 capillus
525 1458 606 1515 albus
619 1472 663 1517 est
676 1460 819 1517 odoribus.

303 1537 425 1596 Nullum
439 1555 456 1592 a
468 1536 565 1594 labore
579 1556 626 1594 me
640 1538 760 1596 reclinat
772 1540 879 1597 otium:

303 1616 394 1693 Urget
408 1616 485 1672 diem
499 1634 565 1687 nox,
580 1626 609 1673 et
622 1618 685 1674 dies
698 1629 827 1689 noctem;
848 1638 941 1695 neque
955 1628 998 1678 est

303 1696 412 1754 Levare
427 1704 506 1752 tenta
519 1696 619 1772 spiritu
632 1698 797 1773 praecordia.

305 1775 383 1852 Ergo
397 1786 533 1851 negatum
547 1775 645 1833 vincor
659 1787 691 1834 ut
704 1777 820 1834 credam
833 1776 930 1851 miser,

305 1854 419 1912 Sabella
431 1865 531 1931 pectus
545 1854 694 1931 increpare
708 1857 845 1930 carmina,

304 1934 452 2010 Caputque
466 1932 564 1991 Marsa
578 1935 701 1994 dissilire
714 1936 818 1994 naenid.

302 2013 384 2075 Quid
398 2012 519 2090 ampliirs
533 2013 594 2071 visl
622 2015 651 2072 0
665 2035 743 2073 mare
754 2026 783 2073 et
793 2018 881 2075 terra!
902 2016 999 2091 ardeo,

303 2090 455 2154 Quantum
470 2112 562 2169 neque
577 2104 637 2152 atro
651 2095 795 2152 delibutus
809 2095 953 2155 Hercules

304 2170 390 2230 Nessi
401 2191 511 2245 cruore,
525 2191 581 2229 nec
595 2174 702 2231 Sicanii
716 2174 824 2232 fervida

303 2250 397 2309 Urens
410 2252 440 2309 in
455 2252 545 2309 AEtnd
560 2250 682 2310 flamma.
715 2251 775 2326 Tu,
789 2254 882 2311 donec
895 2252 971 2310 cinis

303 2329 453 2407 Injuriosis
467 2330 563 2387 aridus
577 2332 669 2389 ventis
683 2331 766 2403 ferar,

303 2409 390 2468 Cales
403 2409 522 2467 venenis
534 2408 650 2467 officina
664 2409 818 2468 Colchicis.

303 2488 381 2551 Quae
395 2487 481 2546 linisl
502 2500 551 2546 aut
564 2490 639 2563 quod
653 2508 700 2546 me
714 2500 811 2546 manet
825 2488 1021 2565 stipendiumi

304 2568 417 2625 Effare:
435 2568 529 2645 jussas
543 2588 610 2625 cum
624 2569 681 2626 fide
694 2566 794 2645 poenas
806 2569 894 2643 luam,

303 2649 422 2706 Paratus
435 2649 558 2725 expiare,
573 2666 624 2705 sen
634 2649 797 2725 poposceris

303 2726 427 2785 Centum
438 2727 585 2804 juvencos,
600 2728 659 2785 sive
673 2728 805 2787 mendaci
816 2729 878 2806 lyrd

302 2806 389 2866 Voles
403 2808 513 2877 sonari3
534 2817 565 2864 tu
579 2807 694 2883 pudica,
707 2819 739 2866 tu
752 2809 850 2884 proba,

302 2885 515 2944 Perambulabis
528 2897 603 2944 astra
616 2888 696 2945 sidus
710 2907 837 2946 aureum.

302 2964 422 3023 Infamis
435 2964 557 3024 Helene
571 2966 674 3025 Castor
687 2968 813 3025 offensus
824 2969 896 3041 vioe,

303 3044 460 3120 Fraterque
473 3047 570 3122 magni
584 3045 722 3119 Castoris,
735 3048 803 3105 victi
816 3067 912 3124 prece,

302 3123 446 3200 Adempta
459 3126 515 3183 vati
529 3124 681 3183 reddidere
695 3127 812 3184 lumina.

302 3202 340 3260 Et
353 3215 393 3275 tu,
407 3216 488 3281 potes
499 3224 576 3277 nam,
592 3205 669 3262 solve
682 3223 729 3261 me
743 3205 899 3278 dementit,

303 3282 331 3339 Ο
345 3302 400 3341 nec
410 3284 536 3361 paternis
548 3284 678 3341 obsoleta
690 3283 830 3355 sordibus,

301 3361 366 3421 Nec
380 3363 411 3420 in
426 3362 563 3438 sepulcris
577 3380 733 3437 pauperum
747 3362 873 3437 prudens
887 3383 959 3423 anus

302 3440 495 3500 Novendiales
510 3441 647 3517 dissipare
661 3441 799 3516 pulveres.

300 3520 369 3579 Tibi
384 3521 522 3597 hospitale
534 3532 636 3597 pectus
648 3532 679 3579 et
690 3540 768 3598 purte
781 3541 894 3581 manns.

580 3672 701 3706 struma.

298 3761 380 3824 Quid
394 3760 530 3819 obseratis
544 3762 659 3818 auribus
672 3761 768 3818 fundis
781 3764 901 3837 precesl

299 3840 370 3900 Non
384 3860 452 3899 saxa
465 3841 549 3898 nudis
563 3841 692 3898 surdiora
706 3841 809 3899 navitis

299 3921 454 3999 Neptunus
468 3921 524 3981 alto
538 3921 633 3980 tundit
646 3919 784 3978 hibernus
797 3922 866 3981 salo.
