<?xml version="1.0" encoding="UTF-8"?>
<!DOCTYPE html PUBLIC "-//W3C//DTD XHTML 1.0 Transitional//EN"
    "http://www.w3.org/TR/xhtml1/DTD/xhtml1-transitional.dtd">
<html xmlns="http://www.w3.org/1999/xhtml" xml:lang="en" lang="en">
 <head>
  <title>
</title>
<meta http-equiv="Content-Type" content="text/html;charset=utf-8" />
  <meta name='ocr-system' content='tesseract 3.04.00' />
  <meta name='ocr-capabilities' content='ocr_page ocr_carea ocr_par ocr_line ocrx_word'/>
</head>
<body>
  <div class='ocr_page' id='page_1' title='image "./opera03horagoog_0029.png"; bbox 0 0 2617 4442; ppageno 0'>
   <div class='ocr_carea' id='block_1_1' title="bbox 482 371 805 424">
    <p class='ocr_par' dir='ltr' id='par_1_1' title="bbox 482 371 805 424">
     <span class='ocr_line' id='line_1_1' title="bbox 482 371 805 424; baseline -0.003 -1"><span class='ocrx_word' id='word_1_1' title='bbox 482 373 682 424; x_wconf 80' lang='lat' dir='ltr'>CARMINUM</span> <span class='ocrx_word' id='word_1_2' title='bbox 698 373 766 422; x_wconf 87' lang='lat' dir='ltr'>LIB.</span> <span class='ocrx_word' id='word_1_3' title='bbox 783 371 805 422; x_wconf 89' lang='lat'><strong>1.</strong></span> 
     </span>
    </p>
   </div>
   <div class='ocr_carea' id='block_1_2' title="bbox 517 591 758 655">
    <p class='ocr_par' dir='ltr' id='par_1_2' title="bbox 517 591 758 655">
     <span class='ocr_line' id='line_1_2' title="bbox 517 591 758 655; baseline 0 -3"><span class='ocrx_word' id='word_1_4' title='bbox 517 592 602 654; x_wconf 83' lang='lat' dir='ltr'><strong>ODE</strong></span> <span class='ocrx_word' id='word_1_5' title='bbox 626 591 758 655; x_wconf 87' lang='lat' dir='ltr'>XXVII.</span> 
     </span>
    </p>
   </div>
   <div class='ocr_carea' id='block_1_3' title="bbox 558 731 725 772">
    <p class='ocr_par' dir='ltr' id='par_1_3' title="bbox 558 731 725 772">
     <span class='ocr_line' id='line_1_3' title="bbox 558 731 725 772; baseline 0.006 -1"><span class='ocrx_word' id='word_1_6' title='bbox 558 731 599 771; x_wconf 79' lang='lat' dir='ltr'><strong>AD</strong></span> <span class='ocrx_word' id='word_1_7' title='bbox 612 731 725 772; x_wconf 74' lang='lat' dir='ltr'><strong>Lmu.</strong></span> 
     </span>
    </p>
   </div>
   <div class='ocr_carea' id='block_1_4' title="bbox 302 830 947 2076">
    <p class='ocr_par' dir='ltr' id='par_1_4' title="bbox 302 830 947 2076">
     <span class='ocr_line' id='line_1_4' title="bbox 304 830 906 907; baseline -0.002 -16"><span class='ocrx_word' id='word_1_8' title='bbox 304 835 461 892; x_wconf 78' lang='lat' dir='ltr'><strong>Poscruun</strong></span> <span class='ocrx_word' id='word_1_9' title='bbox 470 874 477 889; x_wconf 93' lang='lat'><strong>.</strong></span> <span class='ocrx_word' id='word_1_10' title='bbox 487 874 494 889; x_wconf 90' lang='lat'><strong>.</strong></span> <span class='ocrx_word' id='word_1_11' title='bbox 505 831 545 890; x_wconf 83' lang='lat' dir='ltr'><strong>‚si</strong></span> <span class='ocrx_word' id='word_1_12' title='bbox 559 831 627 907; x_wconf 92' lang='lat' dir='ltr'><strong>quid</strong></span> <span class='ocrx_word' id='word_1_13' title='bbox 640 831 724 889; x_wconf 85' lang='lat' dir='ltr'><strong>vaoui</strong></span> <span class='ocrx_word' id='word_1_14' title='bbox 738 831 792 889; x_wconf 92' lang='lat' dir='ltr'><strong>sub</strong></span> <span class='ocrx_word' id='word_1_15' title='bbox 804 830 906 890; x_wconf 78' lang='lat' dir='ltr'><strong>umbra</strong></span> 
     </span>
     <span class='ocr_line' id='line_1_5' title="bbox 302 906 947 986; baseline -0.003 -15"><span class='ocrx_word' id='word_1_16' title='bbox 302 906 436 971; x_wconf 87' lang='lat' dir='ltr'><strong>Lusimus</strong></span> <span class='ocrx_word' id='word_1_17' title='bbox 449 922 556 982; x_wconf 76' lang='lat' dir='ltr'><strong>tecum,</strong></span> <span class='ocrx_word' id='word_1_18' title='bbox 571 911 647 986; x_wconf 91' lang='lat' dir='ltr'><strong>quod</strong></span> <span class='ocrx_word' id='word_1_19' title='bbox 661 921 690 968; x_wconf 92' lang='lat' dir='ltr'><strong>et</strong></span> <span class='ocrx_word' id='word_1_20' title='bbox 703 912 782 968; x_wconf 87' lang='lat' dir='ltr'><strong>huno</strong></span> <span class='ocrx_word' id='word_1_21' title='bbox 794 910 826 969; x_wconf 91' lang='lat' dir='ltr'><strong>in</strong></span> <span class='ocrx_word' id='word_1_22' title='bbox 838 927 947 969; x_wconf 86' lang='lat' dir='ltr'><strong>annum</strong></span> 
     </span>
     <span class='ocr_line' id='line_1_6' title="bbox 303 989 872 1066; baseline -0.007 -16"><span class='ocrx_word' id='word_1_23' title='bbox 303 993 398 1064; x_wconf 81' lang='lat' dir='ltr'><strong>Vivat,</strong></span> <span class='ocrx_word' id='word_1_24' title='bbox 411 1001 440 1048; x_wconf 91' lang='lat' dir='ltr'><strong>et</strong></span> <span class='ocrx_word' id='word_1_25' title='bbox 452 991 549 1066; x_wconf 88' lang='lat' dir='ltr'><strong>plures</strong></span> <span class='ocrx_word' id='word_1_26' title='bbox 556 1008 563 1059; x_wconf 92' lang='lat'>;</span> <span class='ocrx_word' id='word_1_27' title='bbox 586 1008 650 1066; x_wconf 86' lang='lat' dir='ltr'><strong>age,</strong></span> <span class='ocrx_word' id='word_1_28' title='bbox 665 989 713 1047; x_wconf 88' lang='lat' dir='ltr'><strong>dio</strong></span> <span class='ocrx_word' id='word_1_29' title='bbox 726 989 872 1062; x_wconf 87' lang='lat' dir='ltr'><strong>Latinum,</strong></span> 
     </span>
     <span class='ocr_line' id='line_1_7' title="bbox 459 1068 726 1145; baseline -0.007 -19"><span class='ocrx_word' id='word_1_30' title='bbox 459 1068 584 1141; x_wconf 90' lang='lat' dir='ltr'><strong>Barbite,</strong></span> <span class='ocrx_word' id='word_1_31' title='bbox 599 1087 726 1145; x_wconf 84' lang='lat' dir='ltr'><strong>carmen,</strong></span> 
     </span>
     <span class='ocr_line' id='line_1_8' title="bbox 303 1145 784 1226; baseline -0.006 -18"><span class='ocrx_word' id='word_1_32' title='bbox 303 1148 408 1208; x_wconf 90' lang='lat' dir='ltr'><strong>Lesbio</strong></span> <span class='ocrx_word' id='word_1_33' title='bbox 418 1145 540 1226; x_wconf 75' lang='lat' dir='ltr'><strong>primurn</strong></span> <span class='ocrx_word' id='word_1_34' title='bbox 555 1147 701 1206; x_wconf 90' lang='lat' dir='ltr'><strong>modulate</strong></span> <span class='ocrx_word' id='word_1_35' title='bbox 715 1147 784 1223; x_wconf 83' lang='lat' dir='ltr'><strong>eivi3</strong></span> 
     </span>
     <span class='ocr_line' id='line_1_9' title="bbox 302 1227 855 1301; baseline 0.002 -17"><span class='ocrx_word' id='word_1_36' title='bbox 302 1228 364 1290; x_wconf 77' lang='lat' dir='ltr'><strong>Qui</strong></span> <span class='ocrx_word' id='word_1_37' title='bbox 378 1228 457 1286; x_wconf 85' lang='lat' dir='ltr'><strong>ferox</strong></span> <span class='ocrx_word' id='word_1_38' title='bbox 469 1227 553 1300; x_wconf 88' lang='lat' dir='ltr'><strong>bello,</strong></span> <span class='ocrx_word' id='word_1_39' title='bbox 567 1237 664 1284; x_wconf 87' lang='lat' dir='ltr'><strong>tamen</strong></span> <span class='ocrx_word' id='word_1_40' title='bbox 678 1227 751 1285; x_wconf 91' lang='lat' dir='ltr'><strong>inter</strong></span> <span class='ocrx_word' id='word_1_41' title='bbox 766 1246 855 1301; x_wconf 89' lang='lat' dir='ltr'><strong>arma,</strong></span> 
     </span>
     <span class='ocr_line' id='line_1_10' title="bbox 303 1306 732 1383; baseline 0 -18"><span class='ocrx_word' id='word_1_42' title='bbox 303 1308 369 1366; x_wconf 91' lang='lat' dir='ltr'><strong>Sive</strong></span> <span class='ocrx_word' id='word_1_43' title='bbox 379 1307 513 1383; x_wconf 75' lang='lat' dir='ltr'><strong>jactatam</strong></span> <span class='ocrx_word' id='word_1_44' title='bbox 527 1306 662 1382; x_wconf 79' lang='lat' dir='ltr'><strong>religarat</strong></span> <span class='ocrx_word' id='word_1_45' title='bbox 674 1307 732 1365; x_wconf 93' lang='lat' dir='ltr'><strong>udo</strong></span> 
     </span>
     <span class='ocr_line' id='line_1_11' title="bbox 459 1384 687 1458; baseline -0.004 -15"><span class='ocrx_word' id='word_1_46' title='bbox 459 1384 567 1443; x_wconf 88' lang='lat' dir='ltr'><strong>Littore</strong></span> <span class='ocrx_word' id='word_1_47' title='bbox 581 1386 687 1458; x_wconf 86' lang='lat' dir='ltr'>navim,</span> 
     </span>
     <span class='ocr_line' id='line_1_12' title="bbox 303 1463 938 1539; baseline -0.003 -15"><span class='ocrx_word' id='word_1_48' title='bbox 303 1465 449 1536; x_wconf 88' lang='lat' dir='ltr'><strong>Liberum,</strong></span> <span class='ocrx_word' id='word_1_49' title='bbox 463 1475 492 1522; x_wconf 91' lang='lat' dir='ltr'><strong>et</strong></span> <span class='ocrx_word' id='word_1_50' title='bbox 506 1463 615 1537; x_wconf 81' lang='lat' dir='ltr'>Musas,</span> <span class='ocrx_word' id='word_1_51' title='bbox 629 1465 840 1539; x_wconf 79' lang='lat' dir='ltr'><strong>Veneremque,</strong></span> <span class='ocrx_word' id='word_1_52' title='bbox 854 1475 884 1522; x_wconf 91' lang='lat' dir='ltr'><strong>et</strong></span> <span class='ocrx_word' id='word_1_53' title='bbox 897 1464 938 1522; x_wconf 87' lang='lat' dir='ltr'><strong>illi</strong></span> 
     </span>
     <span class='ocr_line' id='line_1_13' title="bbox 303 1544 887 1620; baseline -0.005 -17"><span class='ocrx_word' id='word_1_54' title='bbox 303 1546 424 1620; x_wconf 83' lang='lat' dir='ltr'><strong>Semper</strong></span> <span class='ocrx_word' id='word_1_55' title='bbox 437 1544 593 1600; x_wconf 83' lang='lat' dir='ltr'><strong>haerentem</strong></span> <span class='ocrx_word' id='word_1_56' title='bbox 606 1544 742 1614; x_wconf 88' lang='lat' dir='ltr'><strong>Puerum,</strong></span> <span class='ocrx_word' id='word_1_57' title='bbox 756 1544 887 1617; x_wconf 78' lang='lat' dir='ltr'><strong>canebat,</strong></span> 
     </span>
     <span class='ocr_line' id='line_1_14' title="bbox 302 1621 827 1699; baseline -0.006 -18"><span class='ocrx_word' id='word_1_58' title='bbox 302 1624 340 1681; x_wconf 91' lang='lat' dir='ltr'><strong>Et</strong></span> <span class='ocrx_word' id='word_1_59' title='bbox 353 1623 466 1699; x_wconf 89' lang='lat' dir='ltr'><strong>Lyonm</strong></span> <span class='ocrx_word' id='word_1_60' title='bbox 479 1621 570 1696; x_wconf 85' lang='lat' dir='ltr'><strong>nigris</strong></span> <span class='ocrx_word' id='word_1_61' title='bbox 583 1621 675 1678; x_wconf 88' lang='lat' dir='ltr'><strong>oeulis</strong></span> <span class='ocrx_word' id='word_1_62' title='bbox 687 1622 827 1697; x_wconf 86' lang='lat' dir='ltr'><strong>nigroque</strong></span> 
     </span>
     <span class='ocr_line' id='line_1_15' title="bbox 314 1700 709 1758; baseline -0.005 0"><span class='ocrx_word' id='word_1_63' title='bbox 314 1751 318 1758; x_wconf 90' lang='lat'>.</span> <span class='ocrx_word' id='word_1_64' title='bbox 461 1701 550 1757; x_wconf 85' lang='lat' dir='ltr'><strong>Crine</strong></span> <span class='ocrx_word' id='word_1_65' title='bbox 563 1700 709 1758; x_wconf 79' lang='lat' dir='ltr'><strong>decorum.</strong></span> 
     </span>
     <span class='ocr_line' id='line_1_16' title="bbox 302 1778 876 1856; baseline -0.002 -18"><span class='ocrx_word' id='word_1_66' title='bbox 302 1780 331 1838; x_wconf 95' lang='lat' dir='ltr'><strong>O</strong></span> <span class='ocrx_word' id='word_1_67' title='bbox 345 1780 434 1838; x_wconf 88' lang='lat' dir='ltr'><strong>deons</strong></span> <span class='ocrx_word' id='word_1_68' title='bbox 448 1778 559 1852; x_wconf 89' lang='lat' dir='ltr'><strong>Phoebi,</strong></span> <span class='ocrx_word' id='word_1_69' title='bbox 574 1790 603 1838; x_wconf 91' lang='lat' dir='ltr'><strong>et</strong></span> <span class='ocrx_word' id='word_1_70' title='bbox 617 1779 738 1855; x_wconf 82' lang='lat' dir='ltr'>dapibus</span> <span class='ocrx_word' id='word_1_71' title='bbox 751 1779 876 1856; x_wconf 80' lang='lat' dir='ltr'><strong>supremi</strong></span> 
     </span>
     <span class='ocr_line' id='line_1_17' title="bbox 303 1857 794 1931; baseline -0.004 -13"><span class='ocrx_word' id='word_1_72' title='bbox 303 1861 391 1922; x_wconf 86' lang='lat' dir='ltr'><strong>Grata</strong></span> <span class='ocrx_word' id='word_1_73' title='bbox 404 1858 516 1917; x_wconf 87' lang='lat' dir='ltr'><strong>testudo</strong></span> <span class='ocrx_word' id='word_1_74' title='bbox 530 1857 619 1931; x_wconf 82' lang='lat' dir='ltr'><strong>Iovis,</strong></span> <span class='ocrx_word' id='word_1_75' title='bbox 634 1877 651 1916; x_wconf 92' lang='grc' dir='ltr'>ο</span> <span class='ocrx_word' id='word_1_76' title='bbox 665 1858 794 1918; x_wconf 90' lang='lat' dir='ltr'><strong>laborum</strong></span> 
     </span>
     <span class='ocr_line' id='line_1_18' title="bbox 302 1937 850 2015; baseline -0.002 -18"><span class='ocrx_word' id='word_1_77' title='bbox 302 1937 395 1997; x_wconf 89' lang='lat' dir='ltr'><strong>Duloe</strong></span> <span class='ocrx_word' id='word_1_78' title='bbox 408 1937 545 2010; x_wconf 88' lang='lat' dir='ltr'><strong>lenimen,</strong></span> <span class='ocrx_word' id='word_1_79' title='bbox 559 1937 630 1995; x_wconf 89' lang='lat' dir='ltr'><strong>mihi</strong></span> <span class='ocrx_word' id='word_1_80' title='bbox 644 1957 759 2015; x_wconf 78' lang='lat' dir='ltr'><strong>cunque</strong></span> <span class='ocrx_word' id='word_1_81' title='bbox 772 1937 850 1996; x_wconf 88' lang='lat' dir='ltr'><strong>salve</strong></span> 
     </span>
     <span class='ocr_line' id='line_1_19' title="bbox 460 2015 673 2076; baseline 0 -1"><span class='ocrx_word' id='word_1_82' title='bbox 460 2015 531 2075; x_wconf 76' lang='lat' dir='ltr'><strong>Rite</strong></span> <span class='ocrx_word' id='word_1_83' title='bbox 544 2017 673 2076; x_wconf 75' lang='lat' dir='ltr'><strong>vocanti!</strong></span> 
     </span>
    </p>
   </div>
   <div class='ocr_carea' id='block_1_5' title="bbox 511 2327 768 2506">
    <p class='ocr_par' dir='ltr' id='par_1_5' title="bbox 511 2327 768 2506">
     <span class='ocr_line' id='line_1_20' title="bbox 511 2327 768 2387; baseline -0.004 0"><span class='ocrx_word' id='word_1_84' title='bbox 511 2329 597 2387; x_wconf 77' lang='lat' dir='ltr'>ODII</span> <span class='ocrx_word' id='word_1_85' title='bbox 616 2327 768 2387; x_wconf 85' lang='lat' dir='ltr'>XXVIII.</span> 
     </span>
     <span class='ocr_line' id='line_1_21' title="bbox 549 2463 741 2506; baseline -0.01 0"><span class='ocrx_word' id='word_1_86' title='bbox 549 2465 589 2506; x_wconf 76' lang='lat' dir='ltr'><strong>an</strong></span> <span class='ocrx_word' id='word_1_87' title='bbox 604 2463 741 2504; x_wconf 79' lang='lat' dir='ltr'><strong>surrsuu.</strong></span> 
     </span>
    </p>
   </div>
   <div class='ocr_carea' id='block_1_6' title="bbox 300 2563 917 3830">
    <p class='ocr_par' dir='ltr' id='par_1_6' title="bbox 300 2563 917 3830">
     <span class='ocr_line' id='line_1_22' title="bbox 302 2563 899 2643; baseline -0.007 -14"><span class='ocrx_word' id='word_1_88' title='bbox 302 2570 422 2629; x_wconf 78' lang='lat' dir='ltr'><strong>Passus</strong></span> <span class='ocrx_word' id='word_1_89' title='bbox 436 2567 554 2625; x_wconf 87' lang='lat' dir='ltr'><strong>deornm</strong></span> <span class='ocrx_word' id='word_1_90' title='bbox 567 2563 668 2638; x_wconf 82' lang='lat' dir='ltr'><strong>cultor,</strong></span> <span class='ocrx_word' id='word_1_91' title='bbox 681 2574 711 2624; x_wconf 87' lang='lat' dir='ltr'><strong>et</strong></span> <span class='ocrx_word' id='word_1_92' title='bbox 724 2563 899 2643; x_wconf 76' lang='lat' dir='ltr'><strong>infrequens,</strong></span> 
     </span>
     <span class='ocr_line' id='line_1_23' title="bbox 303 2644 719 2722; baseline -0.014 -14"><span class='ocrx_word' id='word_1_93' title='bbox 303 2645 477 2708; x_wconf 77' lang='lat' dir='ltr'><strong>Insanientis</strong></span> <span class='ocrx_word' id='word_1_94' title='bbox 490 2645 559 2703; x_wconf 93' lang='lat' dir='ltr'><strong>dum</strong></span> <span class='ocrx_word' id='word_1_95' title='bbox 572 2644 719 2722; x_wconf 74' lang='lat' dir='ltr'><strong>sapientie</strong></span> 
     </span>
     <span class='ocr_line' id='line_1_24' title="bbox 341 2716 859 2795; baseline -0.008 -9"><span class='ocrx_word' id='word_1_96' title='bbox 341 2725 497 2787; x_wconf 78' lang='lat' dir='ltr'><strong>consultus</strong></span> <span class='ocrx_word' id='word_1_97' title='bbox 510 2731 589 2795; x_wconf 88' lang='lat' dir='ltr'><strong>e&#39;rro;</strong></span> <span class='ocrx_word' id='word_1_98' title='bbox 611 2743 691 2782; x_wconf 83' lang='lat' dir='ltr'><strong>nuno</strong></span> <span class='ocrx_word' id='word_1_99' title='bbox 704 2716 859 2782; x_wconf 76' lang='lat' dir='ltr'><strong>retrorsum</strong></span> 
     </span>
     <span class='ocr_line' id='line_1_25' title="bbox 381 2803 870 2939; baseline -0.002 -76"><span class='ocrx_word' id='word_1_100' title='bbox 381 2804 454 2863; x_wconf 88' lang='lat' dir='ltr'><strong>Vela</strong></span> <span class='ocrx_word' id='word_1_101' title='bbox 467 2805 545 2876; x_wconf 87' lang='lat' dir='ltr'><strong>dare,</strong></span> <span class='ocrx_word' id='word_1_102' title='bbox 558 2813 642 2939; x_wconf 60' lang='lat' dir='ltr'><strong>aqque</strong></span> <span class='ocrx_word' id='word_1_103' title='bbox 652 2803 755 2861; x_wconf 87' lang='lat' dir='ltr'><strong>iterare</strong></span> <span class='ocrx_word' id='word_1_104' title='bbox 769 2821 870 2862; x_wconf 89' lang='lat' dir='ltr'><strong>oursus</strong></span> 
     </span>
     <span class='ocr_line' id='line_1_26' title="bbox 304 2882 878 2962; baseline -0.005 -19"><span class='ocrx_word' id='word_1_105' title='bbox 304 2885 398 2962; x_wconf 83' lang='lat' dir='ltr'><strong>Cogor</strong></span> <span class='ocrx_word' id='word_1_106' title='bbox 410 2883 533 2941; x_wconf 81' lang='lat' dir='ltr'><strong>relictos.</strong></span> <span class='ocrx_word' id='word_1_107' title='bbox 607 2901 709 2958; x_wconf 84' lang='lat' dir='ltr'><strong>amque</strong></span> <span class='ocrx_word' id='word_1_108' title='bbox 723 2882 878 2960; x_wconf 83' lang='lat' dir='ltr'><strong>Diespiter,</strong></span> 
     </span>
     <span class='ocr_line' id='line_1_27' title="bbox 301 2961 754 3042; baseline -0.004 -20"><span class='ocrx_word' id='word_1_109' title='bbox 301 2963 500 3042; x_wconf 82' lang='lat' dir='ltr'><strong>Igni&#39;oorusoo</strong></span> <span class='ocrx_word' id='word_1_110' title='bbox 513 2961 611 3019; x_wconf 89' lang='lat' dir='ltr'><strong>nubila</strong></span> <span class='ocrx_word' id='word_1_111' title='bbox 624 2962 754 3021; x_wconf 84' lang='lat' dir='ltr'><strong>dividens</strong></span> 
     </span>
     <span class='ocr_line' id='line_1_28' title="bbox 341 3039 848 3119; baseline -0.002 -18"><span class='ocrx_word' id='word_1_112' title='bbox 341 3039 521 3119; x_wconf 72' lang='lat' dir='ltr'><strong>Plerumque,</strong></span> <span class='ocrx_word' id='word_1_113' title='bbox 535 3061 586 3118; x_wconf 91' lang='lat' dir='ltr'><strong>per</strong></span> <span class='ocrx_word' id='word_1_114' title='bbox 599 3060 702 3117; x_wconf 89' lang='lat' dir='ltr'><strong>purum</strong></span> <span class='ocrx_word' id='word_1_115' title='bbox 715 3051 848 3100; x_wconf 86' lang='lat' dir='ltr'><strong>tonantes</strong></span> 
     </span>
     <span class='ocr_line' id='line_1_29' title="bbox 379 3121 917 3198; baseline -0.002 -19"><span class='ocrx_word' id='word_1_116' title='bbox 379 3121 447 3198; x_wconf 85' lang='lat' dir='ltr'><strong>Egit</strong></span> <span class='ocrx_word' id='word_1_117' title='bbox 460 3140 557 3197; x_wconf 87' lang='lat' dir='ltr'><strong>equos,</strong></span> <span class='ocrx_word' id='word_1_118' title='bbox 570 3121 770 3196; x_wconf 80' lang='lat' dir='ltr'><strong>volucremque</strong></span> <span class='ocrx_word' id='word_1_119' title='bbox 783 3137 917 3179; x_wconf 79' lang='lat' dir='ltr'><strong>currum:</strong></span> 
     </span>
     <span class='ocr_line' id='line_1_30' title="bbox 300 3199 843 3275; baseline -0.015 -11"><span class='ocrx_word' id='word_1_120' title='bbox 300 3200 370 3264; x_wconf 83' lang='lat' dir='ltr'><strong>Quo</strong></span> <span class='ocrx_word' id='word_1_121' title='bbox 384 3201 466 3259; x_wconf 89' lang='lat' dir='ltr'><strong>bruta</strong></span> <span class='ocrx_word' id='word_1_122' title='bbox 479 3201 573 3272; x_wconf 89' lang='lat' dir='ltr'><strong>tellus,</strong></span> <span class='ocrx_word' id='word_1_123' title='bbox 587 3211 617 3257; x_wconf 85' lang='lat' dir='ltr'><strong>et</strong></span> <span class='ocrx_word' id='word_1_124' title='bbox 630 3219 702 3275; x_wconf 82' lang='lat' dir='ltr'><strong>vaga</strong></span> <span class='ocrx_word' id='word_1_125' title='bbox 715 3199 843 3272; x_wconf 84' lang='lat' dir='ltr'><strong>flumina,</strong></span> 
     </span>
     <span class='ocr_line' id='line_1_31' title="bbox 300 3276 867 3355; baseline -0.007 -18"><span class='ocrx_word' id='word_1_126' title='bbox 300 3280 371 3344; x_wconf 81' lang='lat' dir='ltr'><strong>Quo</strong></span> <span class='ocrx_word' id='word_1_127' title='bbox 385 3281 466 3355; x_wconf 84' lang='lat' dir='ltr'><strong>Styx,</strong></span> <span class='ocrx_word' id='word_1_128' title='bbox 480 3289 510 3336; x_wconf 89' lang='lat' dir='ltr'><strong>ot</strong></span> <span class='ocrx_word' id='word_1_129' title='bbox 523 3277 607 3334; x_wconf 89' lang='lat' dir='ltr'><strong>iuvisi</strong></span> <span class='ocrx_word' id='word_1_130' title='bbox 621 3278 736 3334; x_wconf 87' lang='lat' dir='ltr'><strong>horrida</strong></span> <span class='ocrx_word' id='word_1_131' title='bbox 748 3276 867 3334; x_wconf 72' lang='lat' dir='ltr'><strong>Taenari</strong></span> 
     </span>
     <span class='ocr_line' id='line_1_32' title="bbox 343 3354 748 3430; baseline -0.01 -14"><span class='ocrx_word' id='word_1_132' title='bbox 343 3359 444 3430; x_wconf 83' lang='lat' dir='ltr'><strong>Sedes,</strong></span> <span class='ocrx_word' id='word_1_133' title='bbox 459 3356 669 3430; x_wconf 84' lang='lat' dir='ltr'><strong>Atlanteusque</strong></span> <span class='ocrx_word' id='word_1_134' title='bbox 682 3354 748 3412; x_wconf 88' lang='lat' dir='ltr'><strong>finis</strong></span> 
     </span>
     <span class='ocr_line' id='line_1_33' title="bbox 380 3433 882 3495; baseline -0.002 0"><span class='ocrx_word' id='word_1_135' title='bbox 380 3435 560 3495; x_wconf 86' lang='lat' dir='ltr'><strong>Cououtitur.</strong></span> <span class='ocrx_word' id='word_1_136' title='bbox 594 3434 680 3493; x_wconf 84' lang='lat' dir='ltr'><strong>Valet</strong></span> <span class='ocrx_word' id='word_1_137' title='bbox 692 3433 750 3492; x_wconf 90' lang='lat' dir='ltr'><strong>ima</strong></span> <span class='ocrx_word' id='word_1_138' title='bbox 763 3433 882 3494; x_wconf 87' lang='lat' dir='ltr'><strong>summis</strong></span> 
     </span>
     <span class='ocr_line' id='line_1_34' title="bbox 300 3512 850 3590; baseline -0.005 -15"><span class='ocrx_word' id='word_1_139' title='bbox 300 3516 425 3590; x_wconf 88' lang='lat' dir='ltr'><strong>Mutare,</strong></span> <span class='ocrx_word' id='word_1_140' title='bbox 439 3526 469 3574; x_wconf 91' lang='lat' dir='ltr'><strong>et</strong></span> <span class='ocrx_word' id='word_1_141' title='bbox 482 3512 606 3590; x_wconf 85' lang='lat' dir='ltr'><strong>insignia</strong></span> <span class='ocrx_word' id='word_1_142' title='bbox 619 3524 746 3572; x_wconf 86' lang='lat' dir='ltr'><strong>attenuat</strong></span> <span class='ocrx_word' id='word_1_143' title='bbox 759 3512 850 3588; x_wconf 88' lang='lat' dir='ltr'><strong>Deus,</strong></span> 
     </span>
     <span class='ocr_line' id='line_1_35' title="bbox 301 3593 910 3672; baseline -0.005 -15"><span class='ocrx_word' id='word_1_144' title='bbox 301 3597 434 3657; x_wconf 87' lang='lat' dir='ltr'><strong>Obsoura</strong></span> <span class='ocrx_word' id='word_1_145' title='bbox 446 3613 595 3672; x_wconf 89' lang='lat' dir='ltr'><strong>promens:</strong></span> <span class='ocrx_word' id='word_1_146' title='bbox 616 3593 685 3652; x_wconf 90' lang='lat' dir='ltr'><strong>hino</strong></span> <span class='ocrx_word' id='word_1_147' title='bbox 698 3594 809 3671; x_wconf 88' lang='lat' dir='ltr'><strong>apiosm</strong></span> <span class='ocrx_word' id='word_1_148' title='bbox 822 3613 910 3672; x_wconf 85' lang='lat' dir='ltr'><strong>rapax</strong></span> 
     </span>
     <span class='ocr_line' id='line_1_36' title="bbox 340 3673 778 3733; baseline -0.002 0"><span class='ocrx_word' id='word_1_149' title='bbox 340 3675 468 3733; x_wconf 85' lang='lat' dir='ltr'><strong>Fortuna</strong></span> <span class='ocrx_word' id='word_1_150' title='bbox 480 3692 548 3732; x_wconf 87' lang='lat' dir='ltr'><strong>enm</strong></span> <span class='ocrx_word' id='word_1_151' title='bbox 561 3673 679 3732; x_wconf 85' lang='lat' dir='ltr'><strong>stridore</strong></span> <span class='ocrx_word' id='word_1_152' title='bbox 694 3684 778 3732; x_wconf 81' lang='lat' dir='ltr'><strong>acuto</strong></span> 
     </span>
     <span class='ocr_line' id='line_1_37' title="bbox 378 3751 853 3830; baseline -0.004 -18"><span class='ocrx_word' id='word_1_153' title='bbox 378 3753 515 3825; x_wconf 88' lang='lat' dir='ltr'><strong>Sustulit;</strong></span> <span class='ocrx_word' id='word_1_154' title='bbox 537 3751 586 3812; x_wconf 82' lang='lat' dir='ltr'><strong>hle</strong></span> <span class='ocrx_word' id='word_1_155' title='bbox 597 3752 725 3830; x_wconf 79' lang='lat' dir='ltr'><strong>posuisse</strong></span> <span class='ocrx_word' id='word_1_156' title='bbox 738 3752 853 3830; x_wconf 80' lang='lat' dir='ltr'><strong>gaudet.</strong></span> 
     </span>
    </p>
   </div>
   <div class='ocr_carea' id='block_1_7' title="bbox 0 0 1314 4442">
    <p class='ocr_par' dir='ltr' id='par_1_7' title="bbox 0 0 1314 4442">
     <span class='ocr_line' id='line_1_38' title="bbox 0 0 1314 4442; baseline 0 1"><span class='ocrx_word' id='word_1_157' title='bbox 0 0 1314 4442; x_wconf 95' lang='lat' dir='ltr'><strong> </strong></span> 
     </span>
    </p>
   </div>
  </div>
 </body>
</html>
