2617 4442
326 685 375 780 Q.
416 684 696 761 HORATll
736 685 982 764 FLACCI

252 948 379 989 -ιι
486 932 575 999 ARS
611 932 822 1001 POETICA.
903 935 1033 1009 a

558 1424 599 1465 AD
610 1423 743 1467 meones.

198 1525 336 1601 Humano
347 1524 433 1603 ospiti
446 1526 587 1585 eervieem
598 1526 690 1604 pictor
696 1527 831 1603 equinam

197 1604 217 1663 J
219 1625 326 1683 ungere
340 1607 363 1663 si
378 1606 453 1679 velit,
467 1617 496 1664 et
509 1606 600 1665 varias
613 1607 751 1664 inducere
763 1606 876 1684 plumas

200 1685 331 1762 Undique
346 1686 456 1743 eollatis
470 1686 614 1759 membris,
628 1696 661 1743 ut
673 1686 791 1762 turpiter
805 1698 899 1746 atrum

198 1762 319 1823 Desinat
333 1764 362 1822 in
376 1765 485 1842 piseem
500 1765 601 1823 mulier
615 1765 738 1823 formosa
747 1764 882 1842 superne,

198 1844 365 1919 Spectatum
379 1843 495 1902 admissi
509 1844 597 1901 risum
610 1845 742 1917 teneatis,
757 1846 866 1904 amioil

198 1920 325 1993 Credite,
339 1922 467 1995 Pisones,
479 1921 524 1980 isti
533 1923 637 1981 tabule
651 1923 712 1981 fore
722 1924 827 1982 librum

197 2000 384 2073 Pessimilem,
397 2001 490 2077 eujus,
503 2002 579 2060 velut
592 2002 662 2080 aegri
675 2003 795 2077 somnia,
807 2023 887 2063 vante

196 2078 357 2157 Fingentur
371 2081 497 2157 speeies3
518 2092 550 2139 ut
563 2100 618 2140 neo
630 2101 692 2159 pes,
706 2101 762 2141 neo
775 2094 861 2160 eaput
873 2084 924 2145 uni

197 2159 349 2218 Reddatur
362 2159 670 2220 lormae.-Piotoribus
683 2173 768 2237 atque
780 2163 873 2240 poetis

196 2238 349 2302 Quidlibet
362 2240 487 2298 audendi
500 2259 611 2318 semper
623 2242 676 2300 suit
689 2252 952 2318 equapotestas.-
1113 2247 1152 2305 lu

198 2318 323 2393 Scimus,
336 2330 366 2379 et
379 2320 454 2378 hano
465 2320 576 2379 reniam
589 2322 767 2398 petimusque
781 2322 937 2401 damusque
951 2323 1093 2397 vicissim

198 2400 258 2458 Sed
271 2418 330 2459 non
344 2410 375 2460 ut
387 2401 508 2477 placidis
521 2405 626 2460 dobant
639 2401 760 2460 immitia
767 2421 775 2472 ;
796 2420 854 2460 non
868 2412 901 2461 ut

199 2480 354 2557 Serpentes
367 2480 465 2538 avibus
478 2480 670 2558 geminentur,
683 2480 805 2557 tigribus
815 2481 892 2558 agni.

237 2557 365 2637 Ineeptis
378 2560 510 2635 gravibus
523 2557 689 2636 plerumque
703 2571 732 2619 et
745 2578 849 2637 magna
858 2561 993 2637 professis

197 2636 372 2715 Purpureus,
385 2636 442 2695 late
457 2637 507 2714 qui
520 2639 678 2715 splendeat,
693 2658 769 2698 unus
782 2650 811 2698 et
826 2640 895 2698 alter
1113 2644 1152 2701 15

200 2716 333 2776 Assuitur
345 2735 476 2793 pannus;
497 2736 586 2794 quum
598 2718 682 2777 lucus
694 2729 724 2777 et
737 2738 786 2777 ara
799 2718 912 2792 Dianae,

197 2794 236 2853 Et
248 2796 425 2873 properantis
439 2815 519 2872 aquae
532 2817 583 2874 per
597 2817 724 2857 smoenos
738 2798 860 2856 ambitus
873 2816 965 2876 agros,

197 2876 259 2933 Aut
272 2873 378 2937 flumen
394 2875 541 2949 Rhenum,
556 2888 605 2935 aut
613 2878 726 2955 pluvius
739 2878 911 2936 describitur
924 2897 1009 2937 araus
1020 2898 1028 2936 :

198 2954 257 3012 Sed
271 2972 350 3012 nune
363 2973 420 3012 non
434 2965 495 3013 erat
509 2955 553 3013 his
566 2956 655 3015 loeus.
697 2956 736 3015 Et
750 2957 866 3016 fortasse
877 2976 1045 3034 cupressum

199 3032 264 3091 Seis
276 3034 429 3093 simulare:
449 3034 519 3109 quid
533 3037 598 3108 hoe,
612 3036 636 3093 si
651 3036 748 3094 fruetis
761 3047 858 3095 enatat
870 3056 971 3113 exspes
1109 3036 1152 3097 20

197 3112 336 3188 Navibus,
351 3132 406 3171 mre
417 3114 483 3172 dato
494 3114 543 3191 qui
556 3115 703 3193 pingiturl
724 3116 871 3193 Amphora
884 3116 972 3194 uoepit

197 3192 329 3265 Institui;
351 3204 484 3253 eurrente
497 3196 625 3257 roaour
635 3213 740 3253 uroeus
752 3196 833 3254 eritl

197 3273 329 3351 Denique
343 3273 389 3346 sit,
403 3274 541 3351 quodvis,
555 3274 676 3352 simplex
688 3274 827 3333 duntaxat
839 3285 868 3333 et
877 3292 977 3332 unum.

237 3350 365 3412 Maxima
377 3372 442 3429 pars
455 3364 562 3427 vatum,
574 3365 665 3431 pater,
678 3365 708 3412 et
718 3353 839 3429 juvenes
851 3363 931 3431 patro
944 3353 1037 3431 digni,

157 3475 160 3482 .
197 3427 365 3508 Deeipimur
378 3430 475 3506 speeie
488 3434 576 3491 reeti:
599 3432 693 3491 brevis
705 3452 769 3491 esse
782 3433 890 3507 laboro,
1110 3432 1153 3491 25

195 3506 346 3567 Obscurus
359 3508 413 3569 tio:
434 3520 591 3569 sectantem
606 3512 679 3570 levia
692 3511 772 3570 nervi

196 3585 344 3647 Deficiunt
357 3587 516 3664 animique:
536 3590 679 3666 professus
692 3592 814 3667 grandia
825 3601 936 3669 turget:

196 3665 292 3743 Serpit
306 3666 384 3724 humi
398 3676 476 3725 tutus
489 3665 610 3726 nimiirm
624 3670 797 3747 timidusque
810 3670 950 3747 procelle.

195 3744 258 3808 Qui
272 3746 379 3804 variare
392 3747 472 3822 eupit
485 3766 545 3805 rem
558 3749 750 3825 prodigialiter
763 3768 861 3823 unam,

197 3822 373 3901 Delphinum
388 3824 466 3883 silvis
480 3826 617 3903 appingit,
632 3828 766 3887 fluetibus
779 3847 889 3906 aprum.
1111 3828 1153 3887 30

196 3898 233 3958 In
248 3903 345 3960 vitium
360 3904 439 3962 dueit
452 3905 545 3981 eulpae
560 3905 636 3981 luga,
650 3909 675 3963 si
688 3918 767 3965 earet
780 3918 849 3965 arte.
